@ARTICLE{1970CoASP...2...66S,
   author = {{Sunyaev}, R.~A. and {Zeldovich}, Y.~B.},
    title = "{The Spectrum of Primordial Radiation, its Distortions and their Significance}",
  journal = {Comments on Astrophysics and Space Physics},
 keywords = {Microwave Background Radiation, Cosmology, Energy Release in Early Universe, Compton Scattering},
     year = 1970,
    month = mar,
   volume = 2,
    pages = {66},
   adsurl = {http://adsabs.harvard.edu/abs/1970CoASP...2...66S},
  adsnote = {Provided by the SAO/NASA Astrophysics Data System}
}


@ARTICLE{1972CoASP...4..173S,
   author = {{Sunyaev}, R.~A. and {Zeldovich}, Y.~B.},
    title = "{The Observations of Relic Radiation as a Test of the Nature of X-Ray Radiation from the Clusters of Galaxies}",
  journal = {Comments on Astrophysics and Space Physics},
 keywords = {Cosmology, Microwave Background Radiation, Clusters of Galaxies, X-Ray Astronomy, Intergalactic Gas},
     year = 1972,
    month = nov,
   volume = 4,
    pages = {173},
   adsurl = {http://adsabs.harvard.edu/abs/1972CoASP...4..173S},
  adsnote = {Provided by the SAO/NASA Astrophysics Data System}
}

@ARTICLE{1998AJ....115.1693C,
   author = {{Condon}, J.~J. and {Cotton}, W.~D. and {Greisen}, E.~W. and 
	{Yin}, Q.~F. and {Perley}, R.~A. and {Taylor}, G.~B. and {Broderick}, J.~J.
	},
    title = "{The NRAO VLA Sky Survey}",
  journal = {\aj},
 keywords = {CATALOGS, METHODS: DATA ANALYSIS, METHODS: OBSERVATIONAL, RADIO CONTINUUM, SURVEYS},
     year = 1998,
    month = may,
   volume = 115,
    pages = {1693-1716},
      doi = {10.1086/300337},
   adsurl = {http://adsabs.harvard.edu/abs/1998AJ....115.1693C},
  adsnote = {Provided by the SAO/NASA Astrophysics Data System}
}


@ARTICLE{1999PhR...310...97B,
   author = {{Birkinshaw}, M.},
    title = "{The Sunyaev-Zel'dovich effect}",
  journal = {\physrep},
   eprint = {astro-ph/9808050},
     year = 1999,
    month = mar,
   volume = 310,
    pages = {97-195},
      doi = {10.1016/S0370-1573(98)00080-5},
   adsurl = {http://adsabs.harvard.edu/abs/1999PhR...310...97B},
  adsnote = {Provided by the SAO/NASA Astrophysics Data System}
}

@ARTICLE{2000A&AS..147..335D,
   author = {{Diolaiti}, E. and {Bendinelli}, O. and {Bonaccini}, D. and 
	{Close}, L. and {Currie}, D. and {Parmeggiani}, G.},
    title = "{Analysis of isoplanatic high resolution stellar fields by the StarFinder code}",
  journal = {\aaps},
   eprint = {astro-ph/0009177},
 keywords = {INSTRUMENTATION: ADAPTIVE OPTICS, METHOD: DATA ANALYSIS, TECHNIQUES: IMAGE PROCESSING, TECHNIQUES: PHOTOMETRIC, ASTROMETRY, STARS: IMAGING},
     year = 2000,
    month = dec,
   volume = 147,
    pages = {335-346},
      doi = {10.1051/aas:2000305},
   adsurl = {http://adsabs.harvard.edu/abs/2000A%26AS..147..335D},
  adsnote = {Provided by the SAO/NASA Astrophysics Data System}
}

@ARTICLE{2000AJ....120.2148G,
       author = {{Gladders}, Michael D. and {Yee}, H.~K.~C.},
        title = "{A New Method For Galaxy Cluster Detection. I. The Algorithm}",
      journal = {\aj},
     keywords = {Galaxies: Clusters: General, Methods: Data Analysis, Astrophysics},
         year = 2000,
        month = Oct,
       volume = {120},
        pages = {2148-2162},
          doi = {10.1086/301557},
archivePrefix = {arXiv},
       eprint = {astro-ph/0004092},
 primaryClass = {astro-ph},
       adsurl = {https://ui.adsabs.harvard.edu/\#abs/2000AJ....120.2148G},
      adsnote = {Provided by the SAO/NASA Astrophysics Data System}
}


  
  @ARTICLE{2000AJ....120.1579Y,
   author = {{York}, D.~G. and {Adelman}, J. and {Anderson}, Jr., J.~E. and 
	{Anderson}, S.~F. and {Annis}, J. and {Bahcall}, N.~A. and {Bakken}, J.~A. and 
	{Barkhouser}, R. and {Bastian}, S. and {Berman}, E. and {Boroski}, W.~N. and 
	{Bracker}, S. and {Briegel}, C. and {Briggs}, J.~W. and {Brinkmann}, J. and 
	{Brunner}, R. and {Burles}, S. and {Carey}, L. and {Carr}, M.~A. and 
	{Castander}, F.~J. and {Chen}, B. and {Colestock}, P.~L. and 
	{Connolly}, A.~J. and {Crocker}, J.~H. and {Csabai}, I. and 
	{Czarapata}, P.~C. and {Davis}, J.~E. and {Doi}, M. and {Dombeck}, T. and 
	{Eisenstein}, D. and {Ellman}, N. and {Elms}, B.~R. and {Evans}, M.~L. and 
	{Fan}, X. and {Federwitz}, G.~R. and {Fiscelli}, L. and {Friedman}, S. and 
	{Frieman}, J.~A. and {Fukugita}, M. and {Gillespie}, B. and 
	{Gunn}, J.~E. and {Gurbani}, V.~K. and {de Haas}, E. and {Haldeman}, M. and 
	{Harris}, F.~H. and {Hayes}, J. and {Heckman}, T.~M. and {Hennessy}, G.~S. and 
	{Hindsley}, R.~B. and {Holm}, S. and {Holmgren}, D.~J. and {Huang}, C.-h. and 
	{Hull}, C. and {Husby}, D. and {Ichikawa}, S.-I. and {Ichikawa}, T. and 
	{Ivezi{\'c}}, {\v Z}. and {Kent}, S. and {Kim}, R.~S.~J. and 
	{Kinney}, E. and {Klaene}, M. and {Kleinman}, A.~N. and {Kleinman}, S. and 
	{Knapp}, G.~R. and {Korienek}, J. and {Kron}, R.~G. and {Kunszt}, P.~Z. and 
	{Lamb}, D.~Q. and {Lee}, B. and {Leger}, R.~F. and {Limmongkol}, S. and 
	{Lindenmeyer}, C. and {Long}, D.~C. and {Loomis}, C. and {Loveday}, J. and 
	{Lucinio}, R. and {Lupton}, R.~H. and {MacKinnon}, B. and {Mannery}, E.~J. and 
	{Mantsch}, P.~M. and {Margon}, B. and {McGehee}, P. and {McKay}, T.~A. and 
	{Meiksin}, A. and {Merelli}, A. and {Monet}, D.~G. and {Munn}, J.~A. and 
	{Narayanan}, V.~K. and {Nash}, T. and {Neilsen}, E. and {Neswold}, R. and 
	{Newberg}, H.~J. and {Nichol}, R.~C. and {Nicinski}, T. and 
	{Nonino}, M. and {Okada}, N. and {Okamura}, S. and {Ostriker}, J.~P. and 
	{Owen}, R. and {Pauls}, A.~G. and {Peoples}, J. and {Peterson}, R.~L. and 
	{Petravick}, D. and {Pier}, J.~R. and {Pope}, A. and {Pordes}, R. and 
	{Prosapio}, A. and {Rechenmacher}, R. and {Quinn}, T.~R. and 
	{Richards}, G.~T. and {Richmond}, M.~W. and {Rivetta}, C.~H. and 
	{Rockosi}, C.~M. and {Ruthmansdorfer}, K. and {Sandford}, D. and 
	{Schlegel}, D.~J. and {Schneider}, D.~P. and {Sekiguchi}, M. and 
	{Sergey}, G. and {Shimasaku}, K. and {Siegmund}, W.~A. and {Smee}, S. and 
	{Smith}, J.~A. and {Snedden}, S. and {Stone}, R. and {Stoughton}, C. and 
	{Strauss}, M.~A. and {Stubbs}, C. and {SubbaRao}, M. and {Szalay}, A.~S. and 
	{Szapudi}, I. and {Szokoly}, G.~P. and {Thakar}, A.~R. and {Tremonti}, C. and 
	{Tucker}, D.~L. and {Uomoto}, A. and {Vanden Berk}, D. and {Vogeley}, M.~S. and 
	{Waddell}, P. and {Wang}, S.-i. and {Watanabe}, M. and {Weinberg}, D.~H. and 
	{Yanny}, B. and {Yasuda}, N. and {SDSS Collaboration}},
    title = "{The Sloan Digital Sky Survey: Technical Summary}",
  journal = {\aj},
   eprint = {astro-ph/0006396},
 keywords = {Cosmology: Observations, Instrumentation: Miscellaneous},
     year = 2000,
    month = sep,
   volume = 120,
    pages = {1579-1587},
      doi = {10.1086/301513},
   adsurl = {http://adsabs.harvard.edu/abs/2000AJ....120.1579Y},
  adsnote = {Provided by the SAO/NASA Astrophysics Data System}
}

@ARTICLE{2002ARA&A..40..643C,
   author = {{Carlstrom}, J.~E. and {Holder}, G.~P. and {Reese}, E.~D.},
   title = "{Cosmology with the Sunyaev-Zel'dovich Effect}",
  journal = {ARA\&A},
   eprint = {astro-ph/0208192},
 keywords = {galaxy clusters, cosmic microwave background, structure formation, surveys},
     year = 2002,
   volume = 40,
    pages = {643-680},
      doi = {10.1146/annurev.astro.40.060401.093803},
   adsurl = {http://adsabs.harvard.edu/abs/2002ARA%26A..40..643C},
  adsnote = {Provided by the SAO/NASA Astrophysics Data System}
}

@ARTICLE{2002MNRAS.336.1256K,
   author = {{Komatsu}, E. and {Seljak}, U.},
    title = "{The Sunyaev-Zel'dovich angular power spectrum as a probe of cosmological parameters}",
  journal = {\mnras},
   eprint = {astro-ph/0205468},
 keywords = {galaxies: clusters: general, galaxies: haloes, cosmic microwave background, cosmological parameters, cosmology: theory, dark matter},
     year = 2002,
    month = nov,
   volume = 336,
    pages = {1256-1270},
      doi = {10.1046/j.1365-8711.2002.05889.x},
   adsurl = {http://adsabs.harvard.edu/abs/2002MNRAS.336.1256K},
  adsnote = {Provided by the SAO/NASA Astrophysics Data System}
}


@ARTICLE{2002ApJ...580...36H,
   author = {{Holder}, G.~P.},
    title = "{Radio Point Sources and the Thermal Sunyaev-Zeldovich Power Spectrum}",
  journal = {\apj},
   eprint = {astro-ph/0205467},
 keywords = {Cosmology: Cosmic Microwave Background, Cosmology: Cosmological Parameters- Galaxies: Clusters: General, Radio Continuum: Galaxies},
     year = 2002,
    month = nov,
   volume = 580,
    pages = {36-41},
      doi = {10.1086/343094},
   adsurl = {http://adsabs.harvard.edu/abs/2002ApJ...580...36H},
  adsnote = {Provided by the SAO/NASA Astrophysics Data System}
}



@ARTICLE{2005A&A...439..901A,
   author = {{Aghanim}, N. and {Hansen}, S.~H. and {Lagache}, G.},
    title = "{Trouble for cluster parameter estimation from blind SZ surveys?}",
  journal = {\aap},
   eprint = {astro-ph/0402571},
 keywords = {cosmology: cosmic microwave background, galaxies: cluster: general},
     year = 2005,
    month = sep,
   volume = 439,
    pages = {901-912},
      doi = {10.1051/0004-6361:20040322},
   adsurl = {http://adsabs.harvard.edu/abs/2005A%26A...439..901A},
  adsnote = {Provided by the SAO/NASA Astrophysics Data System}
}

  
@ARTICLE{2005RvMP...77..207V,
   author = {{Voit}, G.~M.},
    title = "{Tracing cosmic evolution with clusters of galaxies}",
  journal = {Reviews of Modern Physics},
   eprint = {astro-ph/0410173},
 keywords = {Origin and formation of the Universe, Galaxy clusters, Superclusters, large-scale structure of the Universe, Particle-theory and field-theory models of the early Universe, Observational cosmology, Dark matter, Star formation, Relativity and gravitation, Elementary particle processes, Supernovae, Active and peculiar galaxies and related systems, Galactic nuclei circumnuclear matter and bulges, Surveys and tutorial papers, resource letters, Background radiations},
     year = 2005,
    month = apr,
   volume = 77,
    pages = {207-258},
      doi = {10.1103/RevModPhys.77.207},
   adsurl = {http://adsabs.harvard.edu/abs/2005RvMP...77..207V},
  adsnote = {Provided by the SAO/NASA Astrophysics Data System}
}
  
  
@ARTICLE{2007A&A...469..363B,
   author = {{B{\"o}hringer}, H. and {Schuecker}, P. and {Pratt}, G.~W. and 
	{Arnaud}, M. and {Ponman}, T.~J. and {Croston}, J.~H. and {Borgani}, S. and 
	{Bower}, R.~G. and {Briel}, U.~G. and {Collins}, C.~A. and {Donahue}, M. and 
	{Forman}, W.~R. and {Finoguenov}, A. and {Geller}, M.~J. and 
	{Guzzo}, L. and {Henry}, J.~P. and {Kneissl}, R. and {Mohr}, J.~J. and 
	{Matsushita}, K. and {Mullis}, C.~R. and {Ohashi}, T. and {Pedersen}, K. and 
	{Pierini}, D. and {Quintana}, H. and {Raychaudhury}, S. and 
	{Reiprich}, T.~H. and {Romer}, A.~K. and {Rosati}, P. and {Sabirli}, K. and 
	{Temple}, R.~F. and {Viana}, P.~T.~P. and {Vikhlinin}, A. and 
	{Voit}, G.~M. and {Zhang}, Y.-Y.},
    title = "{The representative XMM-Newton cluster structure survey (REXCESS) of an X-ray luminosity selected galaxy cluster sample}",
  journal = {\aap},
   eprint = {astro-ph/0703553},
 keywords = {X-rays: galaxies: clusters, galaxies: clusters: general, cosmology: observations},
     year = 2007,
    month = jul,
   volume = 469,
    pages = {363-377},
      doi = {10.1051/0004-6361:20066740},
   adsurl = {http://adsabs.harvard.edu/abs/2007A%26A...469..363B},
  adsnote = {Provided by the SAO/NASA Astrophysics Data System}
}


@ARTICLE{2007ApJ...660..221K,
   author = {{Koester}, B.~P. and {McKay}, T.~A. and {Annis}, J. and {Wechsler}, R.~H. and 
	{Evrard}, A.~E. and {Rozo}, E. and {Bleem}, L. and {Sheldon}, E.~S. and 
	{Johnston}, D.},
    title = "{MaxBCG: A Red-Sequence Galaxy Cluster Finder}",
  journal = {\apj},
   eprint = {astro-ph/0701268},
 keywords = {Cosmology: Observations, Galaxies: Clusters: General, Methods: Data Analysis},
     year = 2007,
    month = may,
   volume = 660,
    pages = {221-238},
      doi = {10.1086/512092},
   adsurl = {http://adsabs.harvard.edu/abs/2007ApJ...660..221K},
  adsnote = {Provided by the SAO/NASA Astrophysics Data System}
}


@ARTICLE{2007ApJS..170...71L,
   author = {{Lin}, Y.-T. and {Mohr}, J.~J.},
    title = "{Radio Sources in Galaxy Clusters: Radial Distribution, and 1.4 GHz and K-band Bivariate Luminosity Function}",
  journal = {\apjs},
   eprint = {astro-ph/0612521},
 keywords = {Galaxies: Active, Galaxies: Clusters: General, Galaxies: Elliptical and Lenticular, cD, Galaxies: Luminosity Function, Mass Function, Radio Continuum: Galaxies},
     year = 2007,
    month = may,
   volume = 170,
    pages = {71-94},
      doi = {10.1086/513565},
   adsurl = {http://adsabs.harvard.edu/abs/2007ApJS..170...71L},
  adsnote = {Provided by the SAO/NASA Astrophysics Data System}
}


@ARTICLE{2007AJ....134..897C,
   author = {{Coble}, K. and {Bonamente}, M. and {Carlstrom}, J.~E. and {Dawson}, K. and 
	{Hasler}, N. and {Holzapfel}, W. and {Joy}, M. and {La Roque}, S. and 
	{Marrone}, D.~P. and {Reese}, E.~D.},
    title = "{Radio Sources toward Galaxy Clusters at 30 GHz}",
  journal = {\aj},
   eprint = {astro-ph/0608274},
 keywords = {cosmic microwave background, cosmology: observations, galaxies: clusters: general, radio continuum: galaxies},
     year = 2007,
    month = sep,
   volume = 134,
    pages = {897},
      doi = {10.1086/519973},
   adsurl = {http://adsabs.harvard.edu/abs/2007AJ....134..897C},
  adsnote = {Provided by the SAO/NASA Astrophysics Data System}
}




@ARTICLE{2008ApJ...686.1503B,
   author = {{Brammer}, G.~B. and {van Dokkum}, P.~G. and {Coppi}, P.},
    title = "{EAZY: A Fast, Public Photometric Redshift Code}",
  journal = {\apj},
archivePrefix = "arXiv",
   eprint = {0807.1533},
 keywords = {cosmology: observations, galaxies: evolution, galaxies: formation },
     year = 2008,
    month = oct,
   volume = 686,
      eid = {1503-1513},
    pages = {1503-1513},
      doi = {10.1086/591786},
   adsurl = {http://adsabs.harvard.edu/abs/2008ApJ...686.1503B},
  adsnote = {Provided by the SAO/NASA Astrophysics Data System}
}


@ARTICLE{2008ApJ...684..905E,
   author = {{Eisenhardt}, P.~R.~M. and {Brodwin}, M. and {Gonzalez}, A.~H. and 
	{Stanford}, S.~A. and {Stern}, D. and {Barmby}, P. and {Brown}, M.~J.~I. and 
	{Dawson}, K. and {Dey}, A. and {Doi}, M. and {Galametz}, A. and 
	{Jannuzi}, B.~T. and {Kochanek}, C.~S. and {Meyers}, J. and 
	{Morokuma}, T. and {Moustakas}, L.~A.},
    title = "{Clusters of Galaxies in the First Half of the Universe from the IRAC Shallow Survey}",
  journal = {\apj},
archivePrefix = "arXiv",
   eprint = {0804.4798},
 keywords = {galaxies: clusters: general, surveys},
     year = 2008,
    month = sep,
   volume = 684,
      eid = {905-932},
    pages = {905-932},
      doi = {10.1086/590105},
   adsurl = {http://adsabs.harvard.edu/abs/2008ApJ...684..905E},
  adsnote = {Provided by the SAO/NASA Astrophysics Data System}
}


@ARTICLE{2008ApJ...676..206P,
   author = {{Papovich}, C.},
    title = "{The Angular Clustering of Distant Galaxy Clusters}",
  journal = {\apj},
archivePrefix = "arXiv",
   eprint = {0712.1819},
 keywords = {cosmology: observations, galaxies: clusters: general, galaxies: high-redshift, large-scale structure of universe},
     year = 2008,
    month = mar,
   volume = 676,
    pages = {206-217},
      doi = {10.1086/527665},
   adsurl = {http://adsabs.harvard.edu/abs/2008ApJ...676..206P},
  adsnote = {Provided by the SAO/NASA Astrophysics Data System}
}


@ARTICLE{2009ApJ...700..221K,
   author = {{Kriek}, M. and {van Dokkum}, P.~G. and {Labb{\'e}}, I. and 
	{Franx}, M. and {Illingworth}, G.~D. and {Marchesini}, D. and 
	{Quadri}, R.~F.},
    title = "{An Ultra-Deep Near-Infrared Spectrum of a Compact Quiescent Galaxy at z = 2.2}",
  journal = {\apj},
archivePrefix = "arXiv",
   eprint = {0905.1692},
 primaryClass = "astro-ph.CO",
 keywords = {galaxies: evolution, galaxies: formation, galaxies: high-redshift},
     year = 2009,
    month = jul,
   volume = 700,
    pages = {221-231},
      doi = {10.1088/0004-637X/700/1/221},
   adsurl = {http://adsabs.harvard.edu/abs/2009ApJ...700..221K},
  adsnote = {Provided by the SAO/NASA Astrophysics Data System}
}


@ARTICLE{2009ApJ...694..992L,
   author = {{Lin}, Y.-T. and {Partridge}, B. and {Pober}, J.~C. and {Bouchefry}, K.~E. and 
	{Burke}, S. and {Klein}, J.~N. and {Coish}, J.~W. and {Huffenberger}, K.~M.
	},
    title = "{Spectral Energy Distribution of Radio Sources in Nearby Clusters of Galaxies: Implications for Sunyaev-Zel'Dovich Effect Surveys}",
  journal = {\apj},
archivePrefix = "arXiv",
   eprint = {0805.1750},
 keywords = {galaxies: active, galaxies: clusters: general, galaxies: elliptical and lenticular, cD, radio continuum: galaxies},
     year = 2009,
    month = apr,
   volume = 694,
    pages = {992-1009},
      doi = {10.1088/0004-637X/694/2/992},
   adsurl = {http://adsabs.harvard.edu/abs/2009ApJ...694..992L},
  adsnote = {Provided by the SAO/NASA Astrophysics Data System}
}


@ARTICLE{2010A&A...517A..92A,
   author = {{Arnaud}, M. and {Pratt}, G.~W. and {Piffaretti}, R. and {B{\"o}hringer}, H. and 
	{Croston}, J.~H. and {Pointecouteau}, E.},
   title = "{The universal galaxy cluster pressure profile from a representative sample of nearby systems (REXCESS) and the Y$_{SZ}$ - M$_{500}$ relation}",
  journal = {A\&A},
archivePrefix = "arXiv",
   eprint = {0910.1234},
 keywords = {cosmology: observations, dark matter, galaxies: clusters: general, intergalactic, medium, X-rays: galaxies: clusters},
     year = 2010,
   volume = 517,
      eid = {A92},
    pages = {A92},
      doi = {10.1051/0004-6361/200913416},
   adsurl = {http://adsabs.harvard.edu/abs/2010A%26A...517A..92A},
  adsnote = {Provided by the SAO/NASA Astrophysics Data System}
}
    
@ARTICLE{2010MNRAS.409...48R,
   author = {{Roseboom}, I.~G. and {Oliver}, S.~J. and {Kunz}, M. and {Altieri}, B. and 
	{Amblard}, A. and {Arumugam}, V. and {Auld}, R. and {Aussel}, H. and 
	{Babbedge}, T. and {B{\'e}thermin}, M. and {Blain}, A. and {Bock}, J. and 
	{Boselli}, A. and {Brisbin}, D. and {Buat}, V. and {Burgarella}, D. and 
	{Castro-Rodr{\'{\i}}guez}, N. and {Cava}, A. and {Chanial}, P. and 
	{Chapin}, E. and {Clements}, D.~L. and {Conley}, A. and {Conversi}, L. and 
	{Cooray}, A. and {Dowell}, C.~D. and {Dwek}, E. and {Dye}, S. and 
	{Eales}, S. and {Elbaz}, D. and {Farrah}, D. and {Fox}, M. and 
	{Franceschini}, A. and {Gear}, W. and {Glenn}, J. and {Solares}, E.~A.~G. and 
	{Griffin}, M. and {Halpern}, M. and {Harwit}, M. and {Hatziminaoglou}, E. and 
	{Huang}, J. and {Ibar}, E. and {Isaak}, K. and {Ivison}, R.~J. and 
	{Lagache}, G. and {Levenson}, L. and {Lu}, N. and {Madden}, S. and 
	{Maffei}, B. and {Mainetti}, G. and {Marchetti}, L. and {Marsden}, G. and 
	{Mortier}, A.~M.~J. and {Nguyen}, H.~T. and {O'Halloran}, B. and 
	{Omont}, A. and {Page}, M.~J. and {Panuzzo}, P. and {Papageorgiou}, A. and 
	{Patel}, H. and {Pearson}, C.~P. and {P{\'e}rez-Fournon}, I. and 
	{Pohlen}, M. and {Rawlings}, J.~I. and {Raymond}, G. and {Rigopoulou}, D. and 
	{Rizzo}, D. and {Rowan-Robinson}, M. and {Portal}, M.~S. and 
	{Schulz}, B. and {Scott}, D. and {Seymour}, N. and {Shupe}, D.~L. and 
	{Smith}, A.~J. and {Stevens}, J.~A. and {Symeonidis}, M. and 
	{Trichas}, M. and {Tugwell}, K.~E. and {Vaccari}, M. and {Valtchanov}, I. and 
	{Vieira}, J.~D. and {Vigroux}, L. and {Wang}, L. and {Ward}, R. and 
	{Wright}, G. and {Xu}, C.~K. and {Zemcov}, M.},
    title = "{The Herschel Multi-Tiered Extragalactic Survey: source extraction and cross-identifications in confusion-dominated SPIRE images}",
  journal = {\mnras},
archivePrefix = "arXiv",
   eprint = {1009.1658},
 keywords = {methods: statistical, galaxies: statistics, infrared: galaxies},
     year = 2010,
    month = nov,
   volume = 409,
    pages = {48-65},
      doi = {10.1111/j.1365-2966.2010.17634.x},
   adsurl = {http://adsabs.harvard.edu/abs/2010MNRAS.409...48R},
  adsnote = {Provided by the SAO/NASA Astrophysics Data System}
}
 
@ARTICLE{2010MNRAS.407..263A,
   author = {{Andreon}, S.},
    title = "{The stellar mass fraction and baryon content of galaxy clusters and groups}",
  journal = {\mnras},
archivePrefix = "arXiv",
   eprint = {1004.2785},
 keywords = {methods: statistical, galaxies: clusters: general, galaxies: luminosity function, mass function, galaxies: stellar content, cosmology: observations, X-rays: galaxies: clusters},
     year = 2010,
    month = sep,
   volume = 407,
    pages = {263-276},
      doi = {10.1111/j.1365-2966.2010.16856.x},
   adsurl = {http://adsabs.harvard.edu/abs/2010MNRAS.407..263A},
  adsnote = {Provided by the SAO/NASA Astrophysics Data System}
}
 
@ARTICLE{2010ApJ...716.1503P,
   author = {{Papovich}, C. and {Momcheva}, I. and {Willmer}, C.~N.~A. and 
	{Finkelstein}, K.~D. and {Finkelstein}, S.~L. and {Tran}, K.-V. and 
	{Brodwin}, M. and {Dunlop}, J.~S. and {Farrah}, D. and {Khan}, S.~A. and 
	{Lotz}, J. and {McCarthy}, P. and {McLure}, R.~J. and {Rieke}, M. and 
	{Rudnick}, G. and {Sivanandam}, S. and {Pacaud}, F. and {Pierre}, M.
	},
    title = "{A Spitzer-selected Galaxy Cluster at z = 1.62}",
  journal = {\apj},
archivePrefix = "arXiv",
   eprint = {1002.3158},
 keywords = {galaxies: clusters: general, galaxies: clusters: individual: ClG 0218.3-0510, galaxies: evolution, large-scale structure of universe},
     year = 2010,
    month = jun,
   volume = 716,
    pages = {1503-1513},
      doi = {10.1088/0004-637X/716/2/1503},
   adsurl = {http://adsabs.harvard.edu/abs/2010ApJ...716.1503P},
  adsnote = {Provided by the SAO/NASA Astrophysics Data System}
}

@ARTICLE{2011ApJ...731..100M,
       author = {{Marriage}, Tobias A. and {Baptiste Juin}, Jean and {Lin}, Yen-Ting and
        {Marsden}, Danica and {Nolta}, Michael R. and {Partridge}, Bruce
        and {Ade}, Peter A.~R. and {Aguirre}, Paula and {Amiri}, Mandana
        and {Appel}, John William and {Barrientos}, L. Felipe and
        {Battistelli}, Elia S. and {Bond}, John R. and {Brown}, Ben and
        {Burger}, Bryce and {Chervenak}, Jay and {Das}, Sudeep and
        {Devlin}, Mark J. and {Dicker}, Simon R. and {Bertrand Doriese},
        W. and {Dunkley}, Joanna and {D{\"u}nner}, Rolando and
        {Essinger-Hileman}, Thomas and {Fisher}, Ryan P. and {Fowler},
        Joseph W. and {Hajian}, Amir and {Halpern}, Mark and
        {Hasselfield}, Matthew and {Hern{\'a}ndez-Monteagudo}, Carlos
        and {Hilton}, Gene C. and {Hilton}, Matt and {Hincks}, Adam D.
        and {Hlozek}, Ren{\'e}e and {Huffenberger}, Kevin M. and {Handel
        Hughes}, David and {Hughes}, John P. and {Infante}, Leopoldo and
        {Irwin}, Kent D. and {Kaul}, Madhuri and {Klein}, Jeff and
        {Kosowsky}, Arthur and {Lau}, Judy M. and {Limon}, Michele and
        {Lupton}, Robert H. and {Martocci}, Krista and {Mauskopf}, Phil
        and {Menanteau}, Felipe and {Moodley}, Kavilan and {Moseley},
        Harvey and {Netterfield}, Calvin B. and {Niemack}, Michael D.
        and {Page}, Lyman A. and {Parker}, Lucas and {Quintana}, Hernan
        and {Reid}, Beth and {Sehgal}, Neelima and {Sherwin}, Blake D.
        and {Sievers}, Jon and {Spergel}, David N. and {Staggs}, Suzanne
        T. and {Swetz}, Daniel S. and {Switzer}, Eric R. and {Thornton},
        Robert and {Trac}, Hy and {Tucker}, Carole and {Warne}, Ryan and
        {Wilson}, Grant and {Wollack}, Ed and {Zhao}, Yue},
        title = "{The Atacama Cosmology Telescope: Extragalactic Sources at 148 GHz in the
        2008 Survey}",
      journal = {\apj},
     keywords = {cosmic background radiation, galaxies: active, radio continuum:
        galaxies, surveys, Astrophysics - Cosmology and Extragalactic
        Astrophysics},
         year = 2011,
        month = Apr,
       volume = {731},
          eid = {100},
        pages = {100},
          doi = {10.1088/0004-637X/731/2/100},
archivePrefix = {arXiv},
       eprint = {1007.5256},
 primaryClass = {astro-ph.CO},
       adsurl = {https://ui.adsabs.harvard.edu/\#abs/2011ApJ...731..100M},
      adsnote = {Provided by the SAO/NASA Astrophysics Data System}
}

@ARTICLE{2011ApJ...734..103G,
   author = {{Gralla}, M.~B. and {Gladders}, M.~D. and {Yee}, H.~K.~C. and 
	{Barrientos}, L.~F.},
    title = "{Constraining the Redshift Evolution of First Radio Sources in RCS1 Galaxy Clusters}",
  journal = {\apj},
archivePrefix = "arXiv",
   eprint = {1010.6011},
 keywords = {galaxies: active, galaxies: clusters: general},
     year = 2011,
    month = jun,
   volume = 734,
      eid = {103},
    pages = {103},
      doi = {10.1088/0004-637X/734/2/103},
   adsurl = {http://adsabs.harvard.edu/abs/2011ApJ...734..103G},
  adsnote = {Provided by the SAO/NASA Astrophysics Data System}
}

@ARTICLE{2011ApJS..194...41S,
   author = {{Swetz}, D.~S. and {Ade}, P.~A.~R. and {Amiri}, M. and {Appel}, J.~W. and {Battistelli}, E.~S. and {Burger}, B. and {Chervenak}, J. and 	{Devlin}, M.~J. and {Dicker}, S.~R. and {Doriese}, W.~B. and {D{\"u}nner}, R. and {Essinger-Hileman}, T. and {Fisher}, R.~P. and {Fowler}, J.~W. and {Halpern}, M. and {Hasselfield}, M. and {Hilton}, G.~C. and {Hincks}, A.~D. and {Irwin}, K.~D. and {Jarosik}, N. and {Kaul}, M. and {Klein}, J. and {Lau}, J.~M. and {Limon}, M. and {Marriage}, T.~A. and {Marsden}, D. and {Martocci}, K. and {Mauskopf}, P. and {Moseley}, H. and {Netterfield}, C.~B. and {Niemack}, M.~D. and {Nolta}, M.~R. and {Page}, L.~A. and {Parker}, L. and {Staggs}, S.~T. and {Stryzak}, O. and {Switzer}, E.~R. and {Thornton}, R. and {Tucker}, C. and {Wollack}, E. and {Zhao}, Y.},
   title = "{Overview of the Atacama Cosmology Telescope: Receiver, Instrumentation, and Telescope Systems}",
  journal = {ApJS},
archivePrefix = "arXiv",
   eprint = {1007.0290},
 primaryClass = "astro-ph.IM",
 keywords = {cosmic background radiation, cosmology: observations, instrumentation: detectors, instrumentation: miscellaneous, telescopes},
     year = 2011,
    month = jun,
   volume = 194,
      eid = {41},
    pages = {41},
      doi = {10.1088/0067-0049/194/2/41},
   adsurl = {http://adsabs.harvard.edu/abs/2011ApJS..194...41S},
  adsnote = {Provided by the SAO/NASA Astrophysics Data System}
}


@MISC{2011sptz.prop80100P,
   author = {{Papovich}, C. and {Gebhardt}, K. and {Adams}, J. and {Behroozi}, P. and 
	{Bender}, R. and {Blanc}, G. and {Ciardullo}, R. and {Depoy}, D. and 
	{de Jong}, R. and {Drory}, N. and {Evans}, N. and {Fabricius}, M. and 
	{Finkelstein}, S. and {Gawiser}, E. and {Greene}, J. and {Gronwall}, C. and 
	{Hill}, G. and {Hopp}, U. and {Jogee}, S. and {Lacy}, M. and 
	{Landriau}, M. and {Marshall}, J. and {Tuttle}, S. and {Somerville}, R. and 
	{Steinmetz}, M. and {Suntzeff}, N. and {Tran}, K.-V. and {Wechsler}, R. and 
	{Wisotzki}, L.},
    title = "{Spitzer-HETDEX Exploratory Large Area (SHELA) Survey}",
howpublished = {Spitzer Proposal},
     year = 2011,
    month = may,
   adsurl = {http://adsabs.harvard.edu/abs/2011sptz.prop80100P},
  adsnote = {Provided by the SAO/NASA Astrophysics Data System}
}


@ARTICLE{2011A&A...536A..12P,
   author = {{Planck Collaboration} and {Aghanim}, N. and {Arnaud}, M. and 
	{Ashdown}, M. and {Aumont}, J. and {Baccigalupi}, C. and {Balbi}, A. and 
	{Banday}, A.~J. and {Barreiro}, R.~B. and {Bartelmann}, M. and et al.},
    title = "{Planck early results. XII. Cluster Sunyaev-Zeldovich optical scaling relations}",
  journal = {\aap},
archivePrefix = "arXiv",
   eprint = {1101.2027},
 keywords = {galaxies: clusters: intracluster medium, cosmic background radiation, large-scale structure of Universe, cosmology: observations, galaxies: clusters: general},
     year = 2011,
    month = dec,
   volume = 536,
      eid = {A12},
    pages = {A12},
      doi = {10.1051/0004-6361/201116489},
   adsurl = {http://adsabs.harvard.edu/abs/2011A%26A...536A..12P},
  adsnote = {Provided by the SAO/NASA Astrophysics Data System}
}


@ARTICLE{2011ApJ...736...39H,
   author = {{Hand}, N. and {Appel}, J.~W. and {Battaglia}, N. and {Bond}, J.~R. and 
	{Das}, S. and {Devlin}, M.~J. and {Dunkley}, J. and {D{\"u}nner}, R. and 
	{Essinger-Hileman}, T. and {Fowler}, J.~W. and {Hajian}, A. and 
	{Halpern}, M. and {Hasselfield}, M. and {Hilton}, M. and {Hincks}, A.~D. and 
	{Hlozek}, R. and {Hughes}, J.~P. and {Irwin}, K.~D. and {Klein}, J. and 
	{Kosowsky}, A. and {Lin}, Y.-T. and {Marriage}, T.~A. and {Marsden}, D. and 
	{McLaren}, M. and {Menanteau}, F. and {Moodley}, K. and {Niemack}, M.~D. and 
	{Nolta}, M.~R. and {Page}, L.~A. and {Parker}, L. and {Partridge}, B. and 
	{Plimpton}, R. and {Reese}, E.~D. and {Rojas}, F. and {Sehgal}, N. and 
	{Sherwin}, B.~D. and {Sievers}, J.~L. and {Spergel}, D.~N. and 
	{Staggs}, S.~T. and {Swetz}, D.~S. and {Switzer}, E.~R. and 
	{Thornton}, R. and {Trac}, H. and {Visnjic}, K. and {Wollack}, E.
	},
    title = "{The Atacama Cosmology Telescope: Detection of Sunyaev-Zel'Dovich Decrement in Groups and Clusters Associated with Luminous Red Galaxies}",
  journal = {\apj},
archivePrefix = "arXiv",
   eprint = {1101.1951},
 primaryClass = "astro-ph.CO",
 keywords = {cosmic background radiation, cosmology: observations, galaxies: clusters: general},
     year = 2011,
    month = jul,
   volume = 736,
      eid = {39},
    pages = {39},
      doi = {10.1088/0004-637X/736/1/39},
   adsurl = {http://adsabs.harvard.edu/abs/2011ApJ...736...39H},
  adsnote = {Provided by the SAO/NASA Astrophysics Data System}
}

@ARTICLE{2011ApJ...738...48A,
   author = {{Andersson}, K. and {Benson}, B.~A. and {Ade}, P.~A.~R. and 
	{Aird}, K.~A. and {Armstrong}, B. and {Bautz}, M. and {Bleem}, L.~E. and 
	{Brodwin}, M. and {Carlstrom}, J.~E. and {Chang}, C.~L. and 
	{Crawford}, T.~M. and {Crites}, A.~T. and {de Haan}, T. and 
	{Desai}, S. and {Dobbs}, M.~A. and {Dudley}, J.~P. and {Foley}, R.~J. and 
	{Forman}, W.~R. and {Garmire}, G. and {George}, E.~M. and {Gladders}, M.~D. and 
	{Halverson}, N.~W. and {High}, F.~W. and {Holder}, G.~P. and 
	{Holzapfel}, W.~L. and {Hrubes}, J.~D. and {Jones}, C. and {Joy}, M. and 
	{Keisler}, R. and {Knox}, L. and {Lee}, A.~T. and {Leitch}, E.~M. and 
	{Lueker}, M. and {Marrone}, D.~P. and {McMahon}, J.~J. and {Mehl}, J. and 
	{Meyer}, S.~S. and {Mohr}, J.~J. and {Montroy}, T.~E. and {Murray}, S.~S. and 
	{Padin}, S. and {Plagge}, T. and {Pryke}, C. and {Reichardt}, C.~L. and 
	{Rest}, A. and {Ruel}, J. and {Ruhl}, J.~E. and {Schaffer}, K.~K. and 
	{Shaw}, L. and {Shirokoff}, E. and {Song}, J. and {Spieler}, H.~G. and 
	{Stalder}, B. and {Staniszewski}, Z. and {Stark}, A.~A. and 
	{Stubbs}, C.~W. and {Vanderlinde}, K. and {Vieira}, J.~D. and 
	{Vikhlinin}, A. and {Williamson}, R. and {Yang}, Y. and {Zahn}, O. and 
	{Zenteno}, A.},
    title = "{X-Ray Properties of the First Sunyaev-Zel'dovich Effect Selected Galaxy Cluster Sample from the South Pole Telescope}",
  journal = {\apj},
archivePrefix = "arXiv",
   eprint = {1006.3068},
 primaryClass = "astro-ph.CO",
 keywords = {galaxies: clusters: intracluster medium, X-rays: galaxies: clusters},
     year = 2011,
    month = sep,
   volume = 738,
      eid = {48},
    pages = {48},
      doi = {10.1088/0004-637X/738/1/48},
   adsurl = {http://adsabs.harvard.edu/abs/2011ApJ...738...48A},
  adsnote = {Provided by the SAO/NASA Astrophysics Data System}
}


@ARTICLE{2011A&A...536A..13P,
   author = {{Planck Collaboration} and {Ade}, P.~A.~R. and {Aghanim}, N. and 
	{Arg{\"u}eso}, F. and {Arnaud}, M. and {Ashdown}, M. and {Aumont}, J. and 
	{Baccigalupi}, C. and {Balbi}, A. and {Banday}, A.~J. and et al.},
    title = "{Planck early results. XIII. Statistical properties of extragalactic radio sources in the Planck Early Release Compact Source Catalogue}",
  journal = {\aap},
archivePrefix = "arXiv",
   eprint = {1101.2044},
 keywords = {surveys, radio continuum: general, galaxies: active},
     year = 2011,
    month = dec,
   volume = 536,
      eid = {A13},
    pages = {A13},
      doi = {10.1051/0004-6361/201116471},
   adsurl = {http://adsabs.harvard.edu/abs/2011A%26A...536A..13P},
  adsnote = {Provided by the SAO/NASA Astrophysics Data System}
}
  	
@article{redmapper12,
  author={E. S. Rykoff and B. P. Koester and E. Rozo and J. Annis and A. E. Evrard and S. M. Hansen and J. Hao and D. E. Johnston and T. A.
McKay and R. H. Wechsler},
  title={Robust Optical Richness Estimation with Reduced Scatter},
  journal={The Astrophysical Journal},
  volume={746},
  number={2},
  pages={178},
  url={http://stacks.iop.org/0004-637X/746/i=2/a=178},
  year={2012},
  
}

@ARTICLE{2012PhRvD..85b3005D,
   author = {{Draper}, P. and {Dodelson}, S. and {Hao}, J. and {Rozo}, E.
	},
    title = "{Sunyaev-Zel'dovich signal of the maxBCG SDSS galaxy clusters in WMAP}",
  journal = {\prd},
archivePrefix = "arXiv",
   eprint = {1106.2185},
 primaryClass = "astro-ph.CO",
 keywords = {Background radiations, Galaxy clusters, Observational cosmology},
     year = 2012,
    month = jan,
   volume = 85,
   number = 2,
      eid = {023005},
    pages = {023005},
      doi = {10.1103/PhysRevD.85.023005},
   adsurl = {http://adsabs.harvard.edu/abs/2012PhRvD..85b3005D},
  adsnote = {Provided by the SAO/NASA Astrophysics Data System}
}

    
   
@ARTICLE{2013JCAP...07..008H,
   author = {{Hasselfield}, M. and {Hilton}, M. and {Marriage}, T.~A. and 
	{Addison}, G.~E. and {Barrientos}, L.~F. and {Battaglia}, N. and 
	{Battistelli}, E.~S. and {Bond}, J.~R. and {Crichton}, D. and 
	{Das}, S. and {Devlin}, M.~J. and {Dicker}, S.~R. and {Dunkley}, J. and 
	{D{\"u}nner}, R. and {Fowler}, J.~W. and {Gralla}, M.~B. and 
	{Hajian}, A. and {Halpern}, M. and {Hincks}, A.~D. and {Hlozek}, R. and 
	{Hughes}, J.~P. and {Infante}, L. and {Irwin}, K.~D. and {Kosowsky}, A. and 
	{Marsden}, D. and {Menanteau}, F. and {Moodley}, K. and {Niemack}, M.~D. and 
	{Nolta}, M.~R. and {Page}, L.~A. and {Partridge}, B. and {Reese}, E.~D. and 
	{Schmitt}, B.~L. and {Sehgal}, N. and {Sherwin}, B.~D. and {Sievers}, J. and 
	{Sif{\'o}n}, C. and {Spergel}, D.~N. and {Staggs}, S.~T. and 
	{Swetz}, D.~S. and {Switzer}, E.~R. and {Thornton}, R. and {Trac}, H. and 
	{Wollack}, E.~J.},
    title = "{The Atacama Cosmology Telescope: Sunyaev-Zel'dovich selected galaxy clusters at 148 GHz from three seasons of data}",
  journal = {\jcap},
archivePrefix = "arXiv",
   eprint = {1301.0816},
 primaryClass = "astro-ph.CO",
     year = 2013,
    month = jul,
   volume = 7,
      eid = {008},
    pages = {008},
      doi = {10.1088/1475-7516/2013/07/008},
   adsurl = {http://adsabs.harvard.edu/abs/2013JCAP...07..008H},
  adsnote = {Provided by the SAO/NASA Astrophysics Data System}
}


@ARTICLE{2013A&A...550A.131P,
   author = {{Planck Collaboration} and {Ade}, P.~A.~R. and {Aghanim}, N. and 
	{Arnaud}, M. and {Ashdown}, M. and {Atrio-Barandela}, F. and 
	{Aumont}, J. and {Baccigalupi}, C. and {Balbi}, A. and {Banday}, A.~J. and et al.},
    title = "{Planck intermediate results. V. Pressure profiles of galaxy clusters from the Sunyaev-Zeldovich effect}",
  journal = {\aap},
archivePrefix = "arXiv",
   eprint = {1207.4061},
 keywords = {cosmology: observations, galaxies: clusters: general, galaxies: clusters: intracluster medium, submillimeter: general, X-rays: general},
     year = 2013,
    month = feb,
   volume = 550,
      eid = {A131},
    pages = {A131},
      doi = {10.1051/0004-6361/201220040},
   adsurl = {http://adsabs.harvard.edu/abs/2013A%26A...550A.131P},
  adsnote = {Provided by the SAO/NASA Astrophysics Data System}
}

@ARTICLE{2013PASP..125..306F,
   author = {{Foreman-Mackey}, D. and {Hogg}, D.~W. and {Lang}, D. and {Goodman}, J.
	},
    title = "{emcee: The MCMC Hammer}",
  journal = {\pasp},
archivePrefix = "arXiv",
   eprint = {1202.3665},
 primaryClass = "astro-ph.IM",
     year = 2013,
    month = mar,
   volume = 125,
    pages = {306-312},
      doi = {10.1086/670067},
   adsurl = {http://adsabs.harvard.edu/abs/2013PASP..125..306F},
  adsnote = {Provided by the SAO/NASA Astrophysics Data System}
}

@ARTICLE{2012ApJ...753..164S,
   author = {{Stanford}, S.~A. and {Brodwin}, M. and {Gonzalez}, A.~H. and 
	{Zeimann}, G. and {Stern}, D. and {Dey}, A. and {Eisenhardt}, P.~R. and 
	{Snyder}, G.~F. and {Mancone}, C.},
    title = "{IDCS J1426.5+3508: Discovery of a Massive, Infrared-selected Galaxy Cluster at z = 1.75}",
  journal = {\apj},
archivePrefix = "arXiv",
   eprint = {1205.3786},
 keywords = {galaxies: clusters: individual, galaxies: distances and redshifts, galaxies: evolution},
     year = 2012,
    month = jul,
   volume = 753,
      eid = {164},
    pages = {164},
      doi = {10.1088/0004-637X/753/2/164},
   adsurl = {http://adsabs.harvard.edu/abs/2012ApJ...753..164S},
  adsnote = {Provided by the SAO/NASA Astrophysics Data System}
}

@ARTICLE{2013A&A...555A..66L,
   author = {{Lagan{\'a}}, T.~F. and {Martinet}, N. and {Durret}, F. and 
	{Lima Neto}, G.~B. and {Maughan}, B. and {Zhang}, Y.-Y.},
    title = "{A comprehensive picture of baryons in groups and clusters of galaxies}",
  journal = {\aap},
archivePrefix = "arXiv",
   eprint = {1304.6061},
 primaryClass = "astro-ph.CO",
 keywords = {galaxies: clusters: general, cosmological parameters, galaxies: clusters: intracluster medium},
     year = 2013,
    month = jul,
   volume = 555,
      eid = {A66},
    pages = {A66},
      doi = {10.1051/0004-6361/201220423},
   adsurl = {http://adsabs.harvard.edu/abs/2013A%26A...555A..66L},
  adsnote = {Provided by the SAO/NASA Astrophysics Data System}
}


@ARTICLE{2013ApJ...767...38S,
   author = {{Sehgal}, N. and {Addison}, G. and {Battaglia}, N. and {Battistelli}, E.~S. and 
	{Bond}, J.~R. and {Das}, S. and {Devlin}, M.~J. and {Dunkley}, J. and 
	{D{\"u}nner}, R. and {Gralla}, M. and {Hajian}, A. and {Halpern}, M. and 
	{Hasselfield}, M. and {Hilton}, M. and {Hincks}, A.~D. and {Hlozek}, R. and 
	{Hughes}, J.~P. and {Kosowsky}, A. and {Lin}, Y.-T. and {Louis}, T. and 
	{Marriage}, T.~A. and {Marsden}, D. and {Menanteau}, F. and 
	{Moodley}, K. and {Niemack}, M.~D. and {Page}, L.~A. and {Partridge}, B. and 
	{Reese}, E.~D. and {Sherwin}, B.~D. and {Sievers}, J. and {Sif{\'o}n}, C. and 
	{Spergel}, D.~N. and {Staggs}, S.~T. and {Swetz}, D.~S. and 
	{Switzer}, E.~R. and {Wollack}, E.},
    title = "{The Atacama Cosmology Telescope: Relation between Galaxy Cluster Optical Richness and Sunyaev-Zel'dovich Effect}",
  journal = {\apj},
archivePrefix = "arXiv",
   eprint = {1205.2369},
 keywords = {cosmic background radiation, galaxies: clusters: general, galaxies: clusters: intracluster medium},
     year = 2013,
    month = apr,
   volume = 767,
      eid = {38},
    pages = {38},
      doi = {10.1088/0004-637X/767/1/38},
   adsurl = {http://adsabs.harvard.edu/abs/2013ApJ...767...38S},
  adsnote = {Provided by the SAO/NASA Astrophysics Data System}
}


@ARTICLE{2013MNRAS.435.3469H,
   author = {{Hilton}, M. and {Hasselfield}, M. and {Sif{\'o}n}, C. and {Baker}, A.~J. and 
	{Barrientos}, L.~F. and {Battaglia}, N. and {Bond}, J.~R. and 
	{Crichton}, D. and {Das}, S. and {Devlin}, M.~J. and {Gralla}, M. and 
	{Hajian}, A. and {Hincks}, A.~D. and {Hughes}, J.~P. and {Infante}, L. and 
	{Irwin}, K.~D. and {Kosowsky}, A. and {Lin}, Y.-T. and {Marriage}, T.~A. and 
	{Marsden}, D. and {Menanteau}, F. and {Moodley}, K. and {Niemack}, M.~D. and 
	{Nolta}, M.~R. and {Page}, L.~A. and {Reese}, E.~D. and {Sievers}, J. and 
	{Spergel}, D.~N. and {Wollack}, E.~J.},
    title = "{The Atacama Cosmology Telescope: the stellar content of galaxy clusters selected using the Sunyaev-Zel'dovich effect}",
  journal = {\mnras},
archivePrefix = "arXiv",
   eprint = {1301.0780},
 keywords = {galaxies: clusters: general, galaxies: luminosity function, mass function, galaxies: stellar content, cosmology: observations},
     year = 2013,
    month = nov,
   volume = 435,
    pages = {3469-3480},
      doi = {10.1093/mnras/stt1535},
   adsurl = {http://adsabs.harvard.edu/abs/2013MNRAS.435.3469H},
  adsnote = {Provided by the SAO/NASA Astrophysics Data System}
}
 
 
@ARTICLE{2013SSRv..177..247G,
   author = {{Giodini}, S. and {Lovisari}, L. and {Pointecouteau}, E. and 
	{Ettori}, S. and {Reiprich}, T.~H. and {Hoekstra}, H.},
    title = "{Scaling Relations for Galaxy Clusters: Properties and Evolution}",
  journal = {\ssr},
archivePrefix = "arXiv",
   eprint = {1305.3286},
 keywords = {Galaxy clusters, Large-scale structure of the Universe, Intracluster matter},
     year = 2013,
    month = aug,
   volume = 177,
    pages = {247-282},
      doi = {10.1007/s11214-013-9994-5},
   adsurl = {http://adsabs.harvard.edu/abs/2013SSRv..177..247G},
  adsnote = {Provided by the SAO/NASA Astrophysics Data System}
}


@ARTICLE{2013ApJ...778...14G,
   author = {{Gonzalez}, A.~H. and {Sivanandam}, S. and {Zabludoff}, A.~I. and 
	{Zaritsky}, D.},
    title = "{Galaxy Cluster Baryon Fractions Revisited}",
  journal = {\apj},
archivePrefix = "arXiv",
   eprint = {1309.3565},
 keywords = {galaxies: clusters: general, galaxies: elliptical and lenticular, cD, galaxies: evolution, galaxies: formation, galaxies: fundamental parameters, X-rays: galaxies: clusters},
     year = 2013,
    month = nov,
   volume = 778,
      eid = {14},
    pages = {14},
      doi = {10.1088/0004-637X/778/1/14},
   adsurl = {http://adsabs.harvard.edu/abs/2013ApJ...778...14G},
  adsnote = {Provided by the SAO/NASA Astrophysics Data System}
}




@ARTICLE{2014ApJS..210...22V,
   author = {{Viero}, M.~P. and {Asboth}, V. and {Roseboom}, I.~G. and {Moncelsi}, L. and {Marsden}, G. and {Mentuch Cooper}, E. and {Zemcov}, M. and  {Addison}, G. and {Baker}, A.~J. and {Beelen}, A. and {Bock}, J. and 	{Bridge}, C. and {Conley}, A. and {Devlin}, M.~J. and {Dor{\'e}}, O. and {Farrah}, D. and {Finkelstein}, S. and {Font-Ribera}, A. and {Geach}, J.~E. and {Gebhardt}, K. and {Gill}, A. and {Glenn}, J. and {Hajian}, A. and {Halpern}, M. and {Jogee}, S. and {Kurczynski}, P. and {Lapi}, A. and {Negrello}, M. and {Oliver}, S.~J. and {Papovich}, C. and {Quadri}, R. and {Ross}, N. and {Scott}, D. and {Schulz}, B. and {Somerville}, R. and {Spergel}, D.~N. and {Vieira}, J.~D. and {Wang}, L. and {Wechsler}, R.},
title = "{The Herschel Stripe 82 Survey (HerS): Maps and Early Catalog}", 
  journal = {ApJS},
archivePrefix = "arXiv",
   eprint = {1308.4399},
 keywords = {cosmology: observations, galaxies: evolution, infrared: galaxies, large-scale structure of universe, submillimeter: galaxies},
     year = 2014,
    month = feb,
   volume = 210,
      eid = {22},
    pages = {22},
      doi = {10.1088/0067-0049/210/2/22},
   adsurl = {http://adsabs.harvard.edu/abs/2014ApJS..210...22V},
  adsnote = {Provided by the SAO/NASA Astrophysics Data System}
}
   

@ARTICLE{2014A&A...561A..86M,
   author = {{Magnelli}, B. and {Lutz}, D. and {Saintonge}, A. and {Berta}, S. and 
	{Santini}, P. and {Symeonidis}, M. and {Altieri}, B. and {Andreani}, P. and 
	{Aussel}, H. and {B{\'e}thermin}, M. and {Bock}, J. and {Bongiovanni}, A. and 
	{Cepa}, J. and {Cimatti}, A. and {Conley}, A. and {Daddi}, E. and 
	{Elbaz}, D. and {F{\"o}rster Schreiber}, N.~M. and {Genzel}, R. and 
	{Ivison}, R.~J. and {Le Floc'h}, E. and {Magdis}, G. and {Maiolino}, R. and 
	{Nordon}, R. and {Oliver}, S.~J. and {Page}, M. and {P{\'e}rez Garc{\'{\i}}a}, A. and 
	{Poglitsch}, A. and {Popesso}, P. and {Pozzi}, F. and {Riguccini}, L. and 
	{Rodighiero}, G. and {Rosario}, D. and {Roseboom}, I. and {Sanchez-Portal}, M. and 
	{Scott}, D. and {Sturm}, E. and {Tacconi}, L.~J. and {Valtchanov}, I. and 
	{Wang}, L. and {Wuyts}, S.},
    title = "{The evolution of the dust temperatures of galaxies in the SFR-M$_{∗}$ plane up to z {\sim} 2}",
  journal = {\aap},
archivePrefix = "arXiv",
   eprint = {1311.2956},
 keywords = {galaxies: evolution, infrared: galaxies, galaxies: starburst},
     year = 2014,
    month = jan,
   volume = 561,
      eid = {A86},
    pages = {A86},
      doi = {10.1051/0004-6361/201322217},
   adsurl = {http://adsabs.harvard.edu/abs/2014A%26A...561A..86M},
  adsnote = {Provided by the SAO/NASA Astrophysics Data System}
}

@ARTICLE{2014JCAP...10..007N,
   author = {{Naess}, S. and {Hasselfield}, M. and {McMahon}, J. and {Niemack}, M.~D. and 
	{Addison}, G.~E. and {Ade}, P.~A.~R. and {Allison}, R. and {Amiri}, M. and 
	{Battaglia}, N. and {Beall}, J.~A. and {de Bernardis}, F. and 
	{Bond}, J.~R. and {Britton}, J. and {Calabrese}, E. and {Cho}, H.-m. and 
	{Coughlin}, K. and {Crichton}, D. and {Das}, S. and {Datta}, R. and 
	{Devlin}, M.~J. and {Dicker}, S.~R. and {Dunkley}, J. and {D{\"u}nner}, R. and 
	{Fowler}, J.~W. and {Fox}, A.~E. and {Gallardo}, P. and {Grace}, E. and 
	{Gralla}, M. and {Hajian}, A. and {Halpern}, M. and {Henderson}, S. and 
	{Hill}, J.~C. and {Hilton}, G.~C. and {Hilton}, M. and {Hincks}, A.~D. and 
	{Hlozek}, R. and {Ho}, P. and {Hubmayr}, J. and {Huffenberger}, K.~M. and 
	{Hughes}, J.~P. and {Infante}, L. and {Irwin}, K. and {Jackson}, R. and 
	{Muya Kasanda}, S. and {Klein}, J. and {Koopman}, B. and {Kosowsky}, A. and 
	{Li}, D. and {Louis}, T. and {Lungu}, M. and {Madhavacheril}, M. and 
	{Marriage}, T.~A. and {Maurin}, L. and {Menanteau}, F. and {Moodley}, K. and 
	{Munson}, C. and {Newburgh}, L. and {Nibarger}, J. and {Nolta}, M.~R. and 
	{Page}, L.~A. and {Pappas}, C. and {Partridge}, B. and {Rojas}, F. and 
	{Schmitt}, B.~L. and {Sehgal}, N. and {Sherwin}, B.~D. and {Sievers}, J. and 
	{Simon}, S. and {Spergel}, D.~N. and {Staggs}, S.~T. and {Switzer}, E.~R. and 
	{Thornton}, R. and {Trac}, H. and {Tucker}, C. and {Uehara}, M. and 
	{Van Engelen}, A. and {Ward}, J.~T. and {Wollack}, E.~J.},
    title = "{The Atacama Cosmology Telescope: CMB polarization at 200 $\lt$ l $\lt$ 9000}",
  journal = {\jcap},
archivePrefix = "arXiv",
   eprint = {1405.5524},
     year = 2014,
    month = oct,
   volume = 10,
      eid = {007},
    pages = {007},
      doi = {10.1088/1475-7516/2014/10/007},
   adsurl = {http://adsabs.harvard.edu/abs/2014JCAP...10..007N},
  adsnote = {Provided by the SAO/NASA Astrophysics Data System}
}


@ARTICLE{2014ApJS..213...25S,
   author = {{Stanford}, S.~A. and {Gonzalez}, A.~H. and {Brodwin}, M. and 
	{Gettings}, D.~P. and {Eisenhardt}, P.~R.~M. and {Stern}, D. and 
	{Wylezalek}, D.},
    title = "{The Massive and Distant Clusters of WISE Survey. II. Initial Spectroscopic Confirmation of z \~{} 1 Galaxy Clusters Selected from 10,000 deg$^{2}$}",
  journal = {\apjs},
archivePrefix = "arXiv",
   eprint = {1403.3361},
 keywords = {galaxies: clusters: individual, galaxies: distances and redshifts, galaxies: evolution},
     year = 2014,
    month = aug,
   volume = 213,
      eid = {25},
    pages = {25},
      doi = {10.1088/0067-0049/213/2/25},
   adsurl = {http://adsabs.harvard.edu/abs/2014ApJS..213...25S},
  adsnote = {Provided by the SAO/NASA Astrophysics Data System}
}

@ARTICLE{2014A&A...571A..16P,
   author = {{Planck Collaboration} and {Ade}, P.~A.~R. and {Aghanim}, N. and 
	{Armitage-Caplan}, C. and {Arnaud}, M. and {Ashdown}, M. and 
	{Atrio-Barandela}, F. and {Aumont}, J. and {Baccigalupi}, C. and 
	{Banday}, A.~J. and et al.},
    title = "{Planck 2013 results. XVI. Cosmological parameters}",
  journal = {\aap},
archivePrefix = "arXiv",
   eprint = {1303.5076},
 keywords = {cosmic background radiation, cosmological parameters, early Universe, inflation, primordial nucleosynthesis},
     year = 2014,
    month = nov,
   volume = 571,
      eid = {A16},
    pages = {A16},
      doi = {10.1051/0004-6361/201321591},
   adsurl = {http://adsabs.harvard.edu/abs/2014A%26A...571A..16P},
  adsnote = {Provided by the SAO/NASA Astrophysics Data System}
}

@ARTICLE{2014ApJ...785..104R,
   author = {{Rykoff}, E.~S. and {Rozo}, E. and {Busha}, M.~T. and {Cunha}, C.~E. and 
	{Finoguenov}, A. and {Evrard}, A. and {Hao}, J. and {Koester}, B.~P. and 
	{Leauthaud}, A. and {Nord}, B. and {Pierre}, M. and {Reddick}, R. and 
	{Sadibekova}, T. and {Sheldon}, E.~S. and {Wechsler}, R.~H.},
    title = "{redMaPPer. I. Algorithm and SDSS DR8 Catalog}",
  journal = {\apj},
archivePrefix = "arXiv",
   eprint = {1303.3562},
 keywords = {galaxies: clusters: general},
     year = 2014,
    month = apr,
   volume = 785,
      eid = {104},
    pages = {104},
      doi = {10.1088/0004-637X/785/2/104},
   adsurl = {http://adsabs.harvard.edu/abs/2014ApJ...785..104R},
  adsnote = {Provided by the SAO/NASA Astrophysics Data System}
}


@ARTICLE{2014MNRAS.444..147O,
   author = {{Oguri}, M.},
    title = "{A cluster finding algorithm based on the multiband identification of red sequence galaxies}",
  journal = {\mnras},
archivePrefix = "arXiv",
   eprint = {1407.4693},
 keywords = {galaxies: clusters: general},
     year = 2014,
    month = oct,
   volume = 444,
    pages = {147-161},
      doi = {10.1093/mnras/stu1446},
   adsurl = {http://adsabs.harvard.edu/abs/2014MNRAS.444..147O},
  adsnote = {Provided by the SAO/NASA Astrophysics Data System}
}

@ARTICLE{2014A&A...571A..20P,
   author = {{Planck Collaboration} and {Ade}, P.~A.~R. and {Aghanim}, N. and 
	{Armitage-Caplan}, C. and {Arnaud}, M. and {Ashdown}, M. and 
	{Atrio-Barandela}, F. and {Aumont}, J. and {Baccigalupi}, C. and 
	{Banday}, A.~J. and et al.},
    title = "{Planck 2013 results. XX. Cosmology from Sunyaev-Zeldovich cluster counts}",
  journal = {\aap},
archivePrefix = "arXiv",
   eprint = {1303.5080},
 keywords = {cosmological parameters, large-scale structure of Universe, galaxies: clusters: general},
     year = 2014,
    month = nov,
   volume = 571,
      eid = {A20},
    pages = {A20},
      doi = {10.1051/0004-6361/201321521},
   adsurl = {http://adsabs.harvard.edu/abs/2014A%26A...571A..20P},
  adsnote = {Provided by the SAO/NASA Astrophysics Data System}
}

@ARTICLE{2014MNRAS.443.1973V,
   author = {{von der Linden}, A. and {Mantz}, A. and {Allen}, S.~W. and 
	{Applegate}, D.~E. and {Kelly}, P.~L. and {Morris}, R.~G. and 
	{Wright}, A. and {Allen}, M.~T. and {Burchat}, P.~R. and {Burke}, D.~L. and 
	{Donovan}, D. and {Ebeling}, H.},
    title = "{Robust weak-lensing mass calibration of Planck galaxy clusters}",
  journal = {\mnras},
archivePrefix = "arXiv",
   eprint = {1402.2670},
 keywords = {gravitational lensing: weak, galaxies: clusters: general, cosmology: observations},
     year = 2014,
    month = sep,
   volume = 443,
    pages = {1973-1978},
      doi = {10.1093/mnras/stu1423},
   adsurl = {http://adsabs.harvard.edu/abs/2014MNRAS.443.1973V},
  adsnote = {Provided by the SAO/NASA Astrophysics Data System}
}

@ARTICLE{2015MNRAS.449..685H,
   author = {{Hoekstra}, H. and {Herbonnet}, R. and {Muzzin}, A. and {Babul}, A. and 
	{Mahdavi}, A. and {Viola}, M. and {Cacciato}, M.},
    title = "{The Canadian Cluster Comparison Project: detailed study of systematics and updated weak lensing masses}",
  journal = {\mnras},
archivePrefix = "arXiv",
   eprint = {1502.01883},
 keywords = {cosmology: observations, dark matter},
     year = 2015,
    month = may,
   volume = 449,
    pages = {685-714},
      doi = {10.1093/mnras/stv275},
   adsurl = {http://adsabs.harvard.edu/abs/2015MNRAS.449..685H},
  adsnote = {Provided by the SAO/NASA Astrophysics Data System}
}

@ARTICLE{2014MNRAS.445..460G,
       author = {{Gralla}, Megan B. and {Crichton}, Devin and {Marriage}, Tobias A. and
        {Mo}, Wenli and {Aguirre}, Paula and {Addison}, Graeme E. and
        {Asboth}, V. and {Battaglia}, Nick and {Bock}, James and {Bond},
        J. Richard and {Devlin}, Mark J. and {D{\"u}nner}, Rolando and
        {Hajian}, Amir and {Halpern}, Mark and {Hilton}, Matt and
        {Hincks}, Adam D. and {Hlozek}, Ren{\'e}e A. and {Huffenberger},
        Kevin M. and {Hughes}, John P. and {Ivison}, R.~J. and
        {Kosowsky}, Arthur and {Lin}, Yen-Ting and {Marsden}, Danica and
        {Menanteau}, Felipe and {Moodley}, Kavilan and {Morales},
        Gustavo and {Niemack}, Michael D. and {Oliver}, Seb and {Page},
        Lyman A. and {Partridge}, Bruce and {Reese}, Erik D. and
        {Rojas}, Felipe and {Sehgal}, Neelima and {Sievers}, Jon and
        {Sif{\'o}n}, Crist{\'o}bal and {Spergel}, David N. and {Staggs},
        Suzanne T. and {Switzer}, Eric R. and {Viero}, Marco P. and
        {Wollack}, Edward J. and {Zemcov}, Michael B.},
        title = "{A measurement of the millimetre emission and the Sunyaev-Zel'dovich
        effect associated with low-frequency radio sources}",
      journal = {\mnras},
     keywords = {galaxies: active, galaxies: haloes, galaxies: statistics, radio
        continuum: galaxies, Astrophysics - Cosmology and Nongalactic
        Astrophysics},
         year = 2014,
        month = Nov,
       volume = {445},
        pages = {460-478},
          doi = {10.1093/mnras/stu1592},
archivePrefix = {arXiv},
       eprint = {1310.8281},
 primaryClass = {astro-ph.CO},
       adsurl = {https://ui.adsabs.harvard.edu/\#abs/2014MNRAS.445..460G},
      adsnote = {Provided by the SAO/NASA Astrophysics Data System}
}

@ARTICLE{2014MNRAS.439.1556M,
   author = {{Marsden}, D. and {Gralla}, M. and {Marriage}, T.~A. and {Switzer}, E.~R. and 
	{Partridge}, B. and {Massardi}, M. and {Morales}, G. and {Addison}, G. and 
	{Bond}, J.~R. and {Crichton}, D. and {Das}, S. and {Devlin}, M. and 
	{D{\"u}nner}, R. and {Hajian}, A. and {Hilton}, M. and {Hincks}, A. and 
	{Hughes}, J.~P. and {Irwin}, K. and {Kosowsky}, A. and {Menanteau}, F. and 
	{Moodley}, K. and {Niemack}, M. and {Page}, L. and {Reese}, E.~D. and 
	{Schmitt}, B. and {Sehgal}, N. and {Sievers}, J. and {Staggs}, S. and 
	{Swetz}, D. and {Thornton}, R. and {Wollack}, E.},
    title = "{The Atacama Cosmology Telescope: dusty star-forming galaxies and active galactic nuclei in the Southern survey}",
  journal = {\mnras},
archivePrefix = "arXiv",
   eprint = {1306.2288},
 primaryClass = "astro-ph.CO",
 keywords = {methods: numerical, surveys, galaxies: active, galaxies: high-redshift},
     year = 2014,
    month = apr,
   volume = 439,
    pages = {1556-1574},
      doi = {10.1093/mnras/stu001},
   adsurl = {http://adsabs.harvard.edu/abs/2014MNRAS.439.1556M},
  adsnote = {Provided by the SAO/NASA Astrophysics Data System}
}

@INPROCEEDINGS{2015AAS...22533618T,
   author = {{Timlin}, J. and {Ross}, N. and {Richards}, G.~T. and {Lacy}, M. and 
	{Bauer}, F.~E. and {Brandt}, W.~N. and {Fan}, X. and {Haggard}, D. and 
	{Makler}, M. and {Myers}, A.~D. and {Strauss}, M.~A. and {Urry}, C.~M. and 
	{SpIES Team}},
    title = "{SpIES:The Spitzer IRAC Equatorial Survey}",
booktitle = {American Astronomical Society Meeting Abstracts},
     year = 2015,
   series = {American Astronomical Society Meeting Abstracts},
   volume = 225,
    month = jan,
      eid = {336.18},
    pages = {336.18},
   adsurl = {http://adsabs.harvard.edu/abs/2015AAS...22533618T},
  adsnote = {Provided by the SAO/NASA Astrophysics Data System}
}

@ARTICLE{2014MNRAS.440.3645M,
   author = {{McCarthy}, I.~G. and {Le Brun}, A.~M.~C. and {Schaye}, J. and 
	{Holder}, G.~P.},
    title = "{The thermal Sunyaev-Zel'dovich effect power spectrum in light of Planck}",
  journal = {\mnras},
archivePrefix = "arXiv",
   eprint = {1312.5341},
 keywords = {galaxies: clusters: general, galaxies: clusters: intracluster medium, cosmic background radiation, cosmological parameters, cosmology: theory},
     year = 2014,
    month = jun,
   volume = 440,
    pages = {3645-3657},
      doi = {10.1093/mnras/stu543},
   adsurl = {http://adsabs.harvard.edu/abs/2014MNRAS.440.3645M},
  adsnote = {Provided by the SAO/NASA Astrophysics Data System}
}


@ARTICLE{2015MNRAS.448.2085L,
   author = {{Liu}, J. and {Mohr}, J. and {Saro}, A. and {Aird}, K.~A. and 
	{Ashby}, M.~L.~N. and {Bautz}, M. and {Bayliss}, M. and {Benson}, B.~A. and 
	{Bleem}, L.~E. and {Bocquet}, S. and {Brodwin}, M. and {Carlstrom}, J.~E. and 
	{Chang}, C.~L. and {Chiu}, I. and {Cho}, H.~M. and {Clocchiatti}, A. and 
	{Crawford}, T.~M. and {Crites}, A.~T. and {de Haan}, T. and 
	{Desai}, S. and {Dietrich}, J.~P. and {Dobbs}, M.~A. and {Foley}, R.~J. and 
	{Gangkofner}, D. and {George}, E.~M. and {Gladders}, M.~D. and 
	{Gonzalez}, A.~H. and {Halverson}, N.~W. and {Hennig}, C. and 
	{Hlavacek-Larrondo}, J. and {Holder}, G.~P. and {Holzapfel}, W.~L. and 
	{Hrubes}, J.~D. and {Jones}, C. and {Keisler}, R. and {Lee}, A.~T. and 
	{Leitch}, E.~M. and {Lueker}, M. and {Luong-Van}, D. and {McDonald}, M. and 
	{McMahon}, J.~J. and {Meyer}, S.~S. and {Mocanu}, L. and {Murray}, S.~S. and 
	{Padin}, S. and {Pryke}, C. and {Reichardt}, C.~L. and {Rest}, A. and 
	{Ruel}, J. and {Ruhl}, J.~E. and {Saliwanchik}, B.~R. and {Sayre}, J.~T. and 
	{Schaffer}, K.~K. and {Shirokoff}, E. and {Spieler}, H.~G. and 
	{Stalder}, B. and {Staniszewski}, Z. and {Stark}, A.~A. and 
	{Story}, K. and {{\v S}uhada}, R. and {Vanderlinde}, K. and 
	{Vieira}, J.~D. and {Vikhlinin}, A. and {Williamson}, R. and 
	{Zahn}, O. and {Zenteno}, A.},
    title = "{Analysis of Sunyaev-Zel'dovich effect mass-observable relations using South Pole Telescope observations of an X-ray selected sample of low-mass galaxy clusters and groups}",
  journal = {\mnras},
archivePrefix = "arXiv",
   eprint = {1407.7520},
 keywords = {galaxies: clusters: general, galaxies: clusters: intracluster medium, cosmology: observations},
     year = 2015,
    month = apr,
   volume = 448,
    pages = {2085-2099},
      doi = {10.1093/mnras/stv080},
   adsurl = {http://adsabs.harvard.edu/abs/2015MNRAS.448.2085L},
  adsnote = {Provided by the SAO/NASA Astrophysics Data System}
}

@ARTICLE{2015A&A...577A..19V,
   author = {{van der Burg}, R.~F.~J. and {Hoekstra}, H. and {Muzzin}, A. and 
	{Sif{\'o}n}, C. and {Balogh}, M.~L. and {McGee}, S.~L.},
    title = "{Evidence for the inside-out growth of the stellar mass distribution in galaxy clusters since z \~{} 1}",
  journal = {\aap},
archivePrefix = "arXiv",
   eprint = {1412.2137},
 keywords = {galaxies: clusters: general, galaxies: evolution, galaxies: photometry},
     year = 2015,
    month = may,
   volume = 577,
      eid = {A19},
    pages = {A19},
      doi = {10.1051/0004-6361/201425460},
   adsurl = {http://adsabs.harvard.edu/abs/2015A%26A...577A..19V},
  adsnote = {Provided by the SAO/NASA Astrophysics Data System}
}

@ARTICLE{2016MNRAS.456L..74S,
   author = {{Smith}, G.~P. and {Mazzotta}, P. and {Okabe}, N. and {Ziparo}, F. and 
	{Mulroy}, S.~L. and {Babul}, A. and {Finoguenov}, A. and {McCarthy}, I.~G. and 
	{Lieu}, M. and {Bah{\'e}}, Y.~M. and {Bourdin}, H. and {Evrard}, A.~E. and 
	{Futamase}, T. and {Haines}, C.~P. and {Jauzac}, M. and {Marrone}, D.~P. and 
	{Martino}, R. and {May}, P.~E. and {Taylor}, J.~E. and {Umetsu}, K.
	},
    title = "{LoCuSS: Testing hydrostatic equilibrium in galaxy clusters}",
  journal = {\mnras},
archivePrefix = "arXiv",
   eprint = {1511.01919},
 keywords = {gravitational lensing: weak, galaxies: clusters: general, cosmology: observations},
     year = 2016,
    month = feb,
   volume = 456,
    pages = {L74-L78},
      doi = {10.1093/mnrasl/slv175},
   adsurl = {http://adsabs.harvard.edu/abs/2016MNRAS.456L..74S},
  adsnote = {Provided by the SAO/NASA Astrophysics Data System}
}


@ARTICLE{2016A&A...594A..24P,
   author = {{Planck Collaboration} and {Ade}, P.~A.~R. and {Aghanim}, N. and 
	{Arnaud}, M. and {Ashdown}, M. and {Aumont}, J. and {Baccigalupi}, C. and 
	{Banday}, A.~J. and {Barreiro}, R.~B. and {Bartlett}, J.~G. and et al.},
    title = "{Planck 2015 results. XXIV. Cosmology from Sunyaev-Zeldovich cluster counts}",
  journal = {\aap},
archivePrefix = "arXiv",
   eprint = {1502.01597},
 keywords = {cosmological parameters, large-scale structure of Universe},
     year = 2016,
    month = sep,
   volume = 594,
      eid = {A24},
    pages = {A24},
      doi = {10.1051/0004-6361/201525833},
   adsurl = {http://adsabs.harvard.edu/abs/2016A%26A...594A..24P},
  adsnote = {Provided by the SAO/NASA Astrophysics Data System}
}

@ARTICLE{2016ApJS..224...28P,
   author = {{Papovich}, C. and {Shipley}, H.~V. and {Mehrtens}, N. and {Lanham}, C. and 
	{Lacy}, M. and {Ciardullo}, R. and {Finkelstein}, S.~L. and 
	{Bassett}, R. and {Behroozi}, P. and {Blanc}, G.~A. and {de Jong}, R.~S. and 
	{DePoy}, D.~L. and {Drory}, N. and {Gawiser}, E. and {Gebhardt}, K. and 
	{Gronwall}, C. and {Hill}, G.~J. and {Hopp}, U. and {Jogee}, S. and 
	{Kawinwanichakij}, L. and {Marshall}, J.~L. and {McLinden}, E. and 
	{Mentuch Cooper}, E. and {Somerville}, R.~S. and {Steinmetz}, M. and 
	{Tran}, K.-V. and {Tuttle}, S. and {Viero}, M. and {Wechsler}, R. and 
	{Zeimann}, G.},
    title = "{The Spitzer-HETDEX Exploratory Large-area Survey}",
  journal = {\apjs},
archivePrefix = "arXiv",
   eprint = {1603.05660},
 keywords = {catalogs, galaxies: clusters: general, infrared: galaxies, surveys },
     year = 2016,
    month = jun,
   volume = 224,
      eid = {28},
    pages = {28},
      doi = {10.3847/0067-0049/224/2/28},
   adsurl = {http://adsabs.harvard.edu/abs/2016ApJS..224...28P},
  adsnote = {Provided by the SAO/NASA Astrophysics Data System}
}



@ARTICLE{2016ApJS..225....1T,
   author = {{Timlin}, J.~D. and {Ross}, N.~P. and {Richards}, G.~T. and 
	{Lacy}, M. and {Ryan}, E.~L. and {Stone}, R.~B. and {Bauer}, F.~E. and 
	{Brandt}, W.~N. and {Fan}, X. and {Glikman}, E. and {Haggard}, D. and 
	{Jiang}, L. and {LaMassa}, S.~M. and {Lin}, Y.-T. and {Makler}, M. and 
	{McGehee}, P. and {Myers}, A.~D. and {Schneider}, D.~P. and 
	{Urry}, C.~M. and {Wollack}, E.~J. and {Zakamska}, N.~L.},
    title = "{SpIES: The Spitzer IRAC Equatorial Survey}",
  journal = {\apjs},
archivePrefix = "arXiv",
   eprint = {1603.08488},
 keywords = {catalogs, infrared: general, quasars: general, surveys },
     year = 2016,
    month = jul,
   volume = 225,
      eid = {1},
    pages = {1},
      doi = {10.3847/0067-0049/225/1/1},
   adsurl = {http://adsabs.harvard.edu/abs/2016ApJS..225....1T},
  adsnote = {Provided by the SAO/NASA Astrophysics Data System}
}

@ARTICLE{2016A&A...596A.106P,
       author = {{Planck Collaboration} and {Ade}, P.~A.~R. and {Aghanim}, N. and
        {Aller}, H.~D. and {Aller}, M.~F. and {Arnaud}, M. and {Aumont},
        J. and {Baccigalupi}, C. and {Banday}, A.~J. and {Barreiro},
        R.~B. and {Bartolo}, N. and {Battaner}, E. and {Benabed}, K. and
        {Benoit-L{\'e}vy}, A. and {Bernard}, J. -P. and {Bersanelli}, M.
        and {Bielewicz}, P. and {Bonaldi}, A. and {Bonavera}, L. and
        {Bond}, J.~R. and {Borrill}, J. and {Bouchet}, F.~R. and
        {Burigana}, C. and {Calabrese}, E. and {Catalano}, A. and
        {Chiang}, H.~C. and {Christensen}, P.~R. and {Clements}, D.~L.
        and {Colombo}, L.~P.~L. and {Couchot}, F. and {Crill}, B.~P. and
        {Curto}, A. and {Cuttaia}, F. and {Danese}, L. and {Davies},
        R.~D. and {Davis}, R.~J. and {de Bernardis}, P. and {de Rosa},
        A. and {de Zotti}, G. and {Delabrouille}, J. and {Dickinson}, C.
        and {Diego}, J.~M. and {Dole}, H. and {Donzelli}, S. and
        {Dor{\'e}}, O. and {Ducout}, A. and {Dupac}, X. and
        {Efstathiou}, G. and {Elsner}, F. and {Eriksen}, H.~K. and
        {Finelli}, F. and {Forni}, O. and {Frailis}, M. and {Fraisse},
        A.~A. and {Franceschi}, E. and {Galeotta}, S. and {Galli}, S.
        and {Ganga}, K. and {Giard}, M. and {Giraud-H{\'e}raud}, Y. and
        {Gjerl{\o}w}, E. and {Gonz{\'a}lez-Nuevo}, J. and {G{\'o}rski},
        K.~M. and {Gruppuso}, A. and {Gurwell}, M.~A. and {Hansen},
        F.~K. and {Harrison}, D.~L. and {Henrot-Versill{\'e}}, S. and
        {Hern{\'a}ndez-Monteagudo}, C. and {Hildebrandt}, S.~R. and
        {Hobson}, M. and {Hornstrup}, A. and {Hovatta}, T. and {Hovest},
        W. and {Huffenberger}, K.~M. and {Hurier}, G. and {Jaffe}, A.~H.
        and {Jaffe}, T.~R. and {J{\"a}rvel{\"a}}, E. and {Keih{\"a}nen},
        E. and {Keskitalo}, R. and {Kisner}, T.~S. and {Kneissl}, R. and
        {Knoche}, J. and {Kunz}, M. and {Kurki-Suonio}, H. and
        {L{\"a}hteenm{\"a}ki}, A. and {Lamarre}, J. -M. and {Lasenby},
        A. and {Lattanzi}, M. and {Lawrence}, C.~R. and {Leonardi}, R.
        and {Levrier}, F. and {Liguori}, M. and {Lilje}, P.~B. and
        {Linden-V{\o}rnle}, M. and {L{\'o}pez-Caniego}, M. and {Lubin},
        P.~M. and {Mac{\'\i}as-P{\'e}rez}, J.~F. and {Maffei}, B. and
        {Maino}, D. and {Mandolesi}, N. and {Maris}, M. and {Martin},
        P.~G. and {Mart{\'\i}nez-Gonz{\'a}lez}, E. and {Masi}, S. and
        {Matarrese}, S. and {Max-Moerbeck}, W. and {Meinhold}, P.~R. and
        {Melchiorri}, A. and {Mennella}, A. and {Migliaccio}, M. and
        {Mingaliev}, M. and {Miville-Desch{\^e}nes}, M. -A. and
        {Moneti}, A. and {Montier}, L. and {Morgante}, G. and
        {Mortlock}, D. and {Munshi}, D. and {Murphy}, J.~A. and {Nati},
        F. and {Natoli}, P. and {Nieppola}, E. and {Noviello}, F. and
        {Novikov}, D. and {Novikov}, I. and {Pagano}, L. and {Pajot}, F.
        and {Paoletti}, D. and {Partridge}, B. and {Pasian}, F. and
        {Pearson}, T.~J. and {Perdereau}, O. and {Perotto}, L. and
        {Pettorino}, V. and {Piacentini}, F. and {Piat}, M. and
        {Pierpaoli}, E. and {Plaszczynski}, S. and {Pointecouteau}, E.
        and {Polenta}, G. and {Pratt}, G.~W. and {Ramakrishnan}, V. and
        {Rastorgueva-Foi}, E.~A. and {S Readhead}, A.~C. and {Reinecke},
        M. and {Remazeilles}, M. and {Renault}, C. and {Renzi}, A. and
        {Richards}, J.~L. and {Ristorcelli}, I. and {Rocha}, G. and
        {Rossetti}, M. and {Roudier}, G. and {Rubi{\~n}o-Mart{\'\i}n},
        J.~A. and {Rusholme}, B. and {Sandri}, M. and {Savelainen}, M.
        and {Savini}, G. and {Scott}, D. and {Sotnikova}, Y. and
        {Stolyarov}, V. and {Sunyaev}, R. and {Sutton}, D. and {Suur-
        Uski}, A. -S. and {Sygnet}, J. -F. and {Tammi}, J. and {Tauber},
        J.~A. and {Terenzi}, L. and {Toffolatti}, L. and {Tomasi}, M.
        and {Tornikoski}, M. and {Tristram}, M. and {Tucci}, M. and
        {T{\"u}rler}, M. and {Valenziano}, L. and {Valiviita}, J. and
        {Valtaoja}, E. and {Van Tent}, B. and {Vielva}, P. and {Villa},
        F. and {Wade}, L.~A. and {Wehrle}, A.~E. and {Wehus}, I.~K. and
        {Yvon}, D. and {Zacchei}, A. and {Zonca}, A.},
        title = "{Planck intermediate results. XLV. Radio spectra of northern
        extragalactic radio sources}",
      journal = {\aap},
     keywords = {galaxies: active, galaxies: general, radio continuum: galaxies,
        Astrophysics - Astrophysics of Galaxies},
         year = 2016,
        month = Dec,
       volume = {596},
          eid = {A106},
        pages = {A106},
          doi = {10.1051/0004-6361/201527780},
archivePrefix = {arXiv},
       eprint = {1606.05120},
 primaryClass = {astro-ph.GA},
       adsurl = {https://ui.adsabs.harvard.edu/\#abs/2016A&A...596A.106P},
      adsnote = {Provided by the SAO/NASA Astrophysics Data System}
}


@article{corner,
    Author = {Daniel Foreman-Mackey},
    Doi = {10.21105/joss.00024},
    Title = {corner.py: Scatterplot matrices in Python},
    Journal = {The Journal of Open Source Software},
    Year = 2016,
    Volume = 24,
    Url = {http://dx.doi.org/10.5281/zenodo.45906}
}



@ARTICLE{2015MNRAS.454.2305S,
   author = {{Saro}, A. and {Bocquet}, S. and {Rozo}, E. and {Benson}, B.~A. and 
	{Mohr}, J. and {Rykoff}, E.~S. and {Soares-Santos}, M. and {Bleem}, L. and 
	{Dodelson}, S. and {Melchior}, P. and {Sobreira}, F. and {Upadhyay}, V. and 
	{Weller}, J. and {Abbott}, T. and {Abdalla}, F.~B. and {Allam}, S. and 
	{Armstrong}, R. and {Banerji}, M. and {Bauer}, A.~H. and {Bayliss}, M. and 
	{Benoit-L{\'e}vy}, A. and {Bernstein}, G.~M. and {Bertin}, E. and 
	{Brodwin}, M. and {Brooks}, D. and {Buckley-Geer}, E. and {Burke}, D.~L. and 
	{Carlstrom}, J.~E. and {Capasso}, R. and {Capozzi}, D. and {Carnero Rosell}, A. and 
	{Carrasco Kind}, M. and {Chiu}, I. and {Covarrubias}, R. and 
	{Crawford}, T.~M. and {Crocce}, M. and {D'Andrea}, C.~B. and 
	{da Costa}, L.~N. and {DePoy}, D.~L. and {Desai}, S. and {de Haan}, T. and 
	{Diehl}, H.~T. and {Dietrich}, J.~P. and {Doel}, P. and {Cunha}, C.~E. and 
	{Eifler}, T.~F. and {Evrard}, A.~E. and {Fausti Neto}, A. and 
	{Fernandez}, E. and {Flaugher}, B. and {Fosalba}, P. and {Frieman}, J. and 
	{Gangkofner}, C. and {Gaztanaga}, E. and {Gerdes}, D. and {Gruen}, D. and 
	{Gruendl}, R.~A. and {Gupta}, N. and {Hennig}, C. and {Holzapfel}, W.~L. and 
	{Honscheid}, K. and {Jain}, B. and {James}, D. and {Kuehn}, K. and 
	{Kuropatkin}, N. and {Lahav}, O. and {Li}, T.~S. and {Lin}, H. and 
	{Maia}, M.~A.~G. and {March}, M. and {Marshall}, J.~L. and {Martini}, P. and 
	{McDonald}, M. and {Miller}, C.~J. and {Miquel}, R. and {Nord}, B. and 
	{Ogando}, R. and {Plazas}, A.~A. and {Reichardt}, C.~L. and 
	{Romer}, A.~K. and {Roodman}, A. and {Sako}, M. and {Sanchez}, E. and 
	{Schubnell}, M. and {Sevilla}, I. and {Smith}, R.~C. and {Stalder}, B. and 
	{Stark}, A.~A. and {Strazzullo}, V. and {Suchyta}, E. and {Swanson}, M.~E.~C. and 
	{Tarle}, G. and {Thaler}, J. and {Thomas}, D. and {Tucker}, D. and 
	{Vikram}, V. and {von der Linden}, A. and {Walker}, A.~R. and 
	{Wechsler}, R.~H. and {Wester}, W. and {Zenteno}, A. and {Ziegler}, K.~E.
	},
    title = "{Constraints on the richness-mass relation and the optical-SZE positional offset distribution for SZE-selected clusters}",
  journal = {\mnras},
archivePrefix = "arXiv",
   eprint = {1506.07814},
 keywords = {catalogues, methods: data analysis, galaxies: abundances, galaxies: clusters: general, galaxies: haloes, galaxies: statistics, cosmology: miscellaneous, large-scale structure of Universe},
     year = 2015,
    month = dec,
   volume = 454,
    pages = {2305-2319},
      doi = {10.1093/mnras/stv2141},
   adsurl = {http://adsabs.harvard.edu/abs/2015MNRAS.454.2305S},
  adsnote = {Provided by the SAO/NASA Astrophysics Data System}
}



@ARTICLE{2016arXiv160508770S,
   author = {{Saro}, A. and {Bocquet}, S. and {Mohr}, J. and {Rozo}, E. and 
	{Benson}, B.~A. and {Dodelson}, S. and {Rykoff}, E.~S. and {Bleem}, L. and 
	{Abbott}, T.~M.~C. and {Abdalla}, F.~B. and {Allen}, S. and 
	{Annis}, J. and {Benoit-Levy}, A. and {Brooks}, D. and {Burke}, D.~L. and 
	{Capasso}, R. and {Carnero Rosell}, A. and {Carrasco Kind}, M. and 
	{Carretero}, J. and {Chiu}, I. and {Crawford}, T.~M. and {Cunha}, C.~E. and 
	{D'Andrea}, C.~B. and {da Costa}, L.~N. and {Desai}, S. and 
	{Dietrich}, J.~P. and {Evrard}, A.~E. and {Fausti Neto}, A. and 
	{Flaugher}, B. and {Fosalba}, P. and {Frieman}, J. and {Gangkofner}, C. and 
	{Gaztanaga}, E. and {Gerdes}, D.~W. and {Giannantonio}, T. and 
	{Grandis}, S. and {Gruen}, D. and {Gruendl}, R.~A. and {Gupta}, N. and 
	{Gutierrez}, G. and {Holzapfel}, W.~L. and {James}, D.~J. and 
	{Kuehn}, K. and {Kuropatkin}, N. and {Lima}, M. and {Marshall}, J.~L. and 
	{McDonald}, M. and {Melchior}, P. and {Menanteau}, F. and {Miquel}, R. and 
	{Ogando}, R. and {Plazas}, A.~A. and {Rapetti}, D. and {Reichardt}, C.~L. and 
	{Reil}, K. and {Romer}, A.~K. and {Sanchez}, E. and {Scarpine}, V. and 
	{Schubnell}, M. and {Sevilla-Noarbe}, I. and {Smith}, R.~C. and 
	{Soares-Santos}, M. and {Soergel}, B. and {Strazzullo}, V. and 
	{Suchyta}, E. and {Swanson}, M.~E.~C. and {Tarle}, G. and {Thomas}, D. and 
	{Vikram}, V. and {Walker}, A.~R. and {Zenteno}, A.},
    title = "{Optical-SZE Scaling Relations for DES Optically Selected Clusters within the SPT-SZ Survey}",
  journal = {ArXiv e-prints},
archivePrefix = "arXiv",
   eprint = {1605.08770},
 keywords = {Astrophysics - Cosmology and Nongalactic Astrophysics},
     year = 2016,
    month = may,
   adsurl = {http://adsabs.harvard.edu/abs/2016arXiv160508770S},
  adsnote = {Provided by the SAO/NASA Astrophysics Data System}
}

@ARTICLE{2016arXiv161006890M,
   author = {{Melchior}, P. and {Gruen}, D. and {McClintock}, T. and {Varga}, T.~N. and 
	{Sheldon}, E. and {Rozo}, E. and {Amara}, A. and {Becker}, M.~R. and 
	{Benson}, B.~A. and {Bermeo}, A. and {Bridle}, S.~L. and {Clampitt}, J. and 
	{Dietrich}, J.~P. and {Hartley}, W.~G. and {Hollowood}, D. and 
	{Jain}, B. and {Jarvis}, M. and {Jeltema}, T. and {Kacprzak}, T. and 
	{MacCrann}, N. and {Rykoff}, E.~S. and {Saro}, A. and {Suchyta}, E. and 
	{Troxel}, M.~A. and {Zuntz}, J. and {Bonnett}, C. and {Plazas}, A.~A. and 
	{Abbott}, T.~M.~C. and {Abdalla}, F.~B. and {Annis}, J. and 
	{Benoit-L{\'e}vy}, A. and {Bernstein}, G.~M. and {Bertin}, E. and 
	{Brooks}, D. and {Buckley-Geer}, E. and {Carnero Rosell}, A. and 
	{Carrasco Kind}, M. and {Carretero}, J. and {Cunha}, C.~E. and 
	{D'Andrea}, C.~B. and {da Costa}, L.~N. and {Desai}, S. and 
	{Eifler}, T.~F. and {Flaugher}, B. and {Fosalba}, P. and {Garc{\'{\i}}a-Bellido}, J. and 
	{Gaztanaga}, E. and {Gerdes}, D.~W. and {Gruendl}, R.~A. and 
	{Gschwend}, J. and {Gutierrez}, G. and {Honscheid}, K. and {James}, D.~J. and 
	{Kirk}, D. and {Krause}, E. and {Kuehn}, K. and {Kuropatkin}, N. and 
	{Lahav}, O. and {Lima}, M. and {Maia}, M.~A.~G. and {March}, M. and 
	{Martini}, P. and {Menanteau}, F. and {Miller}, C.~J. and {Miquel}, R. and 
	{Mohr}, J.~J. and {Nichol}, R.~C. and {Ogando}, R. and {Romer}, A.~K. and 
	{Sanchez}, E. and {Scarpine}, V. and {Sevilla-Noarbe}, I. and 
	{Smith}, R.~C. and {Soares-Santos}, M. and {Sobreira}, F. and 
	{Swanson}, M.~E.~C. and {Tarle}, G. and {Thomas}, D. and {Walker}, A.~R. and 
	{Weller}, J. and {Zhang}, Y.},
    title = "{Weak-lensing mass calibration of redMaPPer galaxy clusters in Dark Energy Survey Science Verification data}",
  journal = {ArXiv e-prints},
archivePrefix = "arXiv",
   eprint = {1610.06890},
 keywords = {Astrophysics - Cosmology and Nongalactic Astrophysics},
     year = 2016,
    month = oct,
   adsurl = {http://adsabs.harvard.edu/abs/2016arXiv161006890M},
  adsnote = {Provided by the SAO/NASA Astrophysics Data System}
}


@INPROCEEDINGS{2016SPIE.9910E..14D,
   author = {{De Bernardis}, F. and {Stevens}, J.~R. and {Hasselfield}, M. and 
	{Alonso}, D. and {Bond}, J.~R. and {Calabrese}, E. and {Choi}, S.~K. and 
	{Crowley}, K.~T. and {Devlin}, M. and {Dunkley}, J. and {Gallardo}, P.~A. and 
	{Henderson}, S.~W. and {Hilton}, M. and {Hlozek}, R. and {Ho}, S.~P. and 
	{Huffenberger}, K. and {Koopman}, B.~J. and {Kosowsky}, A. and 
	{Louis}, T. and {Madhavacheril}, M.~S. and {McMahon}, J. and 
	{N{\ae}ss}, S. and {Nati}, F. and {Newburgh}, L. and {Niemack}, M.~D. and 
	{Page}, L.~A. and {Salatino}, M. and {Schillaci}, A. and {Schmitt}, B.~L. and 
	{Sehgal}, N. and {Sievers}, J.~L. and {Simon}, S.~M. and {Spergel}, D.~N. and 
	{Staggs}, S.~T. and {van Engelen}, A. and {Vavagiakis}, E.~M. and 
	{Wollack}, E.~J.},
    title = "{Survey strategy optimization for the Atacama Cosmology Telescope}",
booktitle = {Observatory Operations: Strategies, Processes, and Systems VI},
     year = 2016,
   series = {\procspie},
   volume = 9910,
archivePrefix = "arXiv",
   eprint = {1607.02120},
 primaryClass = "astro-ph.IM",
    month = jul,
      eid = {991014},
    pages = {991014},
      doi = {10.1117/12.2232824},
   adsurl = {http://adsabs.harvard.edu/abs/2016SPIE.9910E..14D},
  adsnote = {Provided by the SAO/NASA Astrophysics Data System}
}

@ARTICLE{2016JCAP...08..013B,
   author = {{Battaglia}, N. and {Leauthaud}, A. and {Miyatake}, H. and {Hasselfield}, M. and 
	{Gralla}, M.~B. and {Allison}, R. and {Bond}, J.~R. and {Calabrese}, E. and 
	{Crichton}, D. and {Devlin}, M.~J. and {Dunkley}, J. and {D{\"u}nner}, R. and 
	{Erben}, T. and {Ferrara}, S. and {Halpern}, M. and {Hilton}, M. and 
	{Hill}, J.~C. and {Hincks}, A.~D. and {Hlo{\v z}ek}, R. and 
	{Huffenberger}, K.~M. and {Hughes}, J.~P. and {Kneib}, J.~P. and 
	{Kosowsky}, A. and {Makler}, M. and {Marriage}, T.~A. and {Menanteau}, F. and 
	{Miller}, L. and {Moodley}, K. and {Moraes}, B. and {Niemack}, M.~D. and 
	{Page}, L. and {Shan}, H. and {Sehgal}, N. and {Sherwin}, B.~D. and 
	{Sievers}, J.~L. and {Sif{\'o}n}, C. and {Spergel}, D.~N. and 
	{Staggs}, S.~T. and {Taylor}, J.~E. and {Thornton}, R. and {van Waerbeke}, L. and 
	{Wollack}, E.~J.},
    title = "{Weak-lensing mass calibration of the Atacama Cosmology Telescope equatorial Sunyaev-Zeldovich cluster sample with the Canada-France-Hawaii telescope stripe 82 survey}",
  journal = {\jcap},
archivePrefix = "arXiv",
   eprint = {1509.08930},
     year = 2016,
    month = aug,
   volume = 8,
      eid = {013},
    pages = {013},
      doi = {10.1088/1475-7516/2016/08/013},
   adsurl = {http://adsabs.harvard.edu/abs/2016JCAP...08..013B},
  adsnote = {Provided by the SAO/NASA Astrophysics Data System}
}


@ARTICLE{2017MNRAS.466.3103S,
   author = {{Simet}, M. and {McClintock}, T. and {Mandelbaum}, R. and {Rozo}, E. and 
	{Rykoff}, E. and {Sheldon}, E. and {Wechsler}, R.~H.},
    title = "{Weak lensing measurement of the mass-richness relation of SDSS redMaPPer clusters}",
  journal = {\mnras},
archivePrefix = "arXiv",
   eprint = {1603.06953},
 keywords = {gravitational lensing: weak, galaxies: clusters: general},
     year = 2017,
    month = apr,
   volume = 466,
    pages = {3103-3118},
      doi = {10.1093/mnras/stw3250},
   adsurl = {http://adsabs.harvard.edu/abs/2017MNRAS.466.3103S},
  adsnote = {Provided by the SAO/NASA Astrophysics Data System}
}

@ARTICLE{2017JCAP...03..008D,
   author = {{De Bernardis}, F. and {Aiola}, S. and {Vavagiakis}, E.~M. and 
	{Battaglia}, N. and {Niemack}, M.~D. and {Beall}, J. and {Becker}, D.~T. and 
	{Bond}, J.~R. and {Calabrese}, E. and {Cho}, H. and {Coughlin}, K. and 
	{Datta}, R. and {Devlin}, M. and {Dunkley}, J. and {Dunner}, R. and 
	{Ferraro}, S. and {Fox}, A. and {Gallardo}, P.~A. and {Halpern}, M. and 
	{Hand}, N. and {Hasselfield}, M. and {Henderson}, S.~W. and 
	{Hill}, J.~C. and {Hilton}, G.~C. and {Hilton}, M. and {Hincks}, A.~D. and 
	{Hlozek}, R. and {Hubmayr}, J. and {Huffenberger}, K. and {Hughes}, J.~P. and 
	{Irwin}, K.~D. and {Koopman}, B.~J. and {Kosowsky}, A. and {Li}, D. and 
	{Louis}, T. and {Lungu}, M. and {Madhavacheril}, M.~S. and {Maurin}, L. and 
	{McMahon}, J. and {Moodley}, K. and {Naess}, S. and {Nati}, F. and 
	{Newburgh}, L. and {Nibarger}, J.~P. and {Page}, L.~A. and {Partridge}, B. and 
	{Schaan}, E. and {Schmitt}, B.~L. and {Sehgal}, N. and {Sievers}, J. and 
	{Simon}, S.~M. and {Spergel}, D.~N. and {Staggs}, S.~T. and 
	{Stevens}, J.~R. and {Thornton}, R.~J. and {van Engelen}, A. and 
	{Van Lanen}, J. and {Wollack}, E.~J.},
    title = "{Detection of the pairwise kinematic Sunyaev-Zel'dovich effect with BOSS DR11 and the Atacama Cosmology Telescope}",
  journal = {\jcap},
archivePrefix = "arXiv",
   eprint = {1607.02139},
     year = 2017,
    month = mar,
   volume = 3,
      eid = {008},
    pages = {008},
      doi = {10.1088/1475-7516/2017/03/008},
   adsurl = {http://adsabs.harvard.edu/abs/2017JCAP...03..008D},
  adsnote = {Provided by the SAO/NASA Astrophysics Data System}
}

@ARTICLE{2018MNRAS.476.3360E,
   author = {{Erler}, J. and {Basu}, K. and {Chluba}, J. and {Bertoldi}, F.
	},
    title = "{Planck's view on the spectrum of the Sunyaev-Zeldovich effect}",
  journal = {\mnras},
archivePrefix = "arXiv",
   eprint = {1709.01187},
 keywords = {galaxies: clusters: general, galaxies: clusters: intracluster medium, cosmic background radiation, cosmology: observations},
     year = 2018,
    month = may,
   volume = 476,
    pages = {3360-3381},
      doi = {10.1093/mnras/sty327},
   adsurl = {http://adsabs.harvard.edu/abs/2018MNRAS.476.3360E},
  adsnote = {Provided by the SAO/NASA Astrophysics Data System}
}


@ARTICLE{2017MNRAS.468.3347S,
   author = {{Saro}, A. and {Bocquet}, S. and {Mohr}, J. and {Rozo}, E. and 
	{Benson}, B.~A. and {Dodelson}, S. and {Rykoff}, E.~S. and {Bleem}, L. and 
	{Abbott}, T.~M.~C. and {Abdalla}, F.~B. and {Allen}, S. and 
	{Annis}, J. and {Benoit-L{\'e}vy}, A. and {Brooks}, D. and {Burke}, D.~L. and 
	{Capasso}, R. and {Carnero Rosell}, A. and {Carrasco Kind}, M. and 
	{Carretero}, J. and {Chiu}, I. and {Crawford}, T.~M. and {Cunha}, C.~E. and 
	{D'Andrea}, C.~B. and {da Costa}, L.~N. and {Desai}, S. and 
	{Dietrich}, J.~P. and {Evrard}, A.~E. and {Neto}, A.~F. and 
	{Flaugher}, B. and {Fosalba}, P. and {Frieman}, J. and {Gangkofner}, C. and 
	{Gaztanaga}, E. and {Gerdes}, D.~W. and {Giannantonio}, T. and 
	{Grandis}, S. and {Gruen}, D. and {Gruendl}, R.~A. and {Gupta}, N. and 
	{Gutierrez}, G. and {Holzapfel}, W.~L. and {James}, D.~J. and 
	{Kuehn}, K. and {Kuropatkin}, N. and {Lima}, M. and {Marshall}, J.~L. and 
	{McDonald}, M. and {Melchior}, P. and {Menanteau}, F. and {Miquel}, R. and 
	{Ogando}, R. and {Plazas}, A.~A. and {Rapetti}, D. and {Reichardt}, C.~L. and 
	{Reil}, K. and {Romer}, A.~K. and {Sanchez}, E. and {Scarpine}, V. and 
	{Schubnell}, M. and {Sevilla-Noarbe}, I. and {Smith}, R.~C. and 
	{Soares-Santos}, M. and {Soergel}, B. and {Strazzullo}, V. and 
	{Suchyta}, E. and {Swanson}, M.~E.~C. and {Tarle}, G. and {Thomas}, D. and 
	{Vikram}, V. and {Walker}, A.~R. and {Zenteno}, A.},
    title = "{Optical-SZE scaling relations for DES optically selected clusters within the SPT-SZ Survey}",
  journal = {\mnras},
archivePrefix = "arXiv",
   eprint = {1605.08770},
 keywords = {methods: observational, methods: statistical, galaxies: abundances, galaxies: clusters: general, large-scale structure of Universe},
     year = 2017,
    month = jul,
   volume = 468,
    pages = {3347-3360},
      doi = {10.1093/mnras/stx594},
   adsurl = {http://adsabs.harvard.edu/abs/2017MNRAS.468.3347S},
  adsnote = {Provided by the SAO/NASA Astrophysics Data System}
}

@ARTICLE{2018ApJS..235...20H,
   author = {{Hilton}, M. and {Hasselfield}, M. and {Sif{\'o}n}, C. and {Battaglia}, N. and 
	{Aiola}, S. and {Bharadwaj}, V. and {Bond}, J.~R. and {Choi}, S.~K. and 
	{Crichton}, D. and {Datta}, R. and {Devlin}, M.~J. and {Dunkley}, J. and 
	{D{\"u}nner}, R. and {Gallardo}, P.~A. and {Gralla}, M. and 
	{Hincks}, A.~D. and {Ho}, S.-P.~P. and {Hubmayr}, J. and {Huffenberger}, K.~M. and 
	{Hughes}, J.~P. and {Koopman}, B.~J. and {Kosowsky}, A. and 
	{Louis}, T. and {Madhavacheril}, M.~S. and {Marriage}, T.~A. and 
	{Maurin}, L. and {McMahon}, J. and {Miyatake}, H. and {Moodley}, K. and 
	{N{\ae}ss}, S. and {Nati}, F. and {Newburgh}, L. and {Niemack}, M.~D. and 
	{Oguri}, M. and {Page}, L.~A. and {Partridge}, B. and {Schmitt}, B.~L. and 
	{Sievers}, J. and {Spergel}, D.~N. and {Staggs}, S.~T. and {Trac}, H. and 
	{van Engelen}, A. and {Vavagiakis}, E.~M. and {Wollack}, E.~J.
	},
    title = "{The Atacama Cosmology Telescope: The Two-season ACTPol Sunyaev-Zel{\rsquo}dovich Effect Selected Cluster Catalog}",
  journal = {\apjs},
archivePrefix = "arXiv",
   eprint = {1709.05600},
 keywords = {cosmology: large-scale structure of universe, cosmology: observations, galaxies: clusters: general},
     year = 2018,
    month = mar,
   volume = 235,
      eid = {20},
    pages = {20},
      doi = {10.3847/1538-4365/aaa6cb},
   adsurl = {http://adsabs.harvard.edu/abs/2018ApJS..235...20H},
  adsnote = {Provided by the SAO/NASA Astrophysics Data System}
}


@ARTICLE{2018arXiv180906820G,
   author = {{Gonzalez}, A.~H. and {Gettings}, D.~P. and {Brodwin}, M. and 
	{Stanford}, S.~A. and {Wylezalek}, D. and {Decker}, B. and {Eisenhardt}, P.~R.~M. and 
	{Marrone}, D.~P. and {Moravec}, E. and {O'Donnell}, C. and {Stalder}, B. and 
	{Stern}, D. and {Abdulla}, Z. and {Brown}, G. and {Carlstrom}, J. and 
	{Chambers}, K.~C. and {Hayden}, B. and {Lin}, Y.-T. and {Magnier}, E. and 
	{Masci}, F. and {Mantz}, A.~B. and {McDonald}, M. and {Mo}, W. and 
	{Perlmutter}, S. and {Wright}, E.~L. and {Zeimann}, G.~R.},
    title = "{The Massive and Distant Clusters of WISE Survey. I: Survey Overview and a Catalog of $\gt$2000 Galaxy Clusters at z\~{}1}",
  journal = {ArXiv e-prints},
archivePrefix = "arXiv",
   eprint = {1809.06820},
 keywords = {Astrophysics - Cosmology and Nongalactic Astrophysics, Astrophysics - Astrophysics of Galaxies},
     year = 2018,
    month = sep,
   adsurl = {http://adsabs.harvard.edu/abs/2018arXiv180906820G},
  adsnote = {Provided by the SAO/NASA Astrophysics Data System}
}

@ARTICLE{2018arXiv180500039M,
   author = {{McClintock}, T. and {Varga}, T.~N. and {Gruen}, D. and {Rozo}, E. and 
	{Rykoff}, E.~S. and {Shin}, T. and {Melchior}, P. and {DeRose}, J. and 
	{Seitz}, S. and {Dietrich}, J.~P. and {Sheldon}, E. and {Zhang}, Y. and 
	{von der Linden}, A. and {Jeltema}, T. and {Mantz}, A. and {Romer}, A.~K. and 
	{Allen}, S. and {Becker}, M.~R. and {Bermeo}, A. and {Bhargava}, S. and 
	{Costanzi}, M. and {Everett}, S. and {Farahi}, A. and {Hamaus}, N. and 
	{Hartley}, W.~G. and {Hollowood}, D.~L. and {Hoyle}, B. and 
	{Israel}, H. and {Li}, P. and {MacCrann}, N. and {Morris}, G. and 
	{Palmese}, A. and {Plazas}, A.~A. and {Pollina}, G. and {Rau}, M.~M. and 
	{Simet}, M. and {Soares-Santos}, M. and {Troxel}, M.~A. and 
	{Vergara Cervantes}, C. and {Wechsler}, R.~H. and {Zuntz}, J. and 
	{Abbott}, T.~M.~C. and {Abdalla}, F.~B. and {Allam}, S. and 
	{Annis}, J. and {Avila}, S. and {Bridle}, S.~L. and {Brooks}, D. and 
	{Burke}, D.~L. and {Carnero Rosell}, A. and {Carrasco Kind}, M. and 
	{Carretero}, J. and {Castander}, F.~J. and {Crocce}, M. and 
	{Cunha}, C.~E. and {D'Andrea}, C.~B. and {da Costa}, L.~N. and 
	{Davis}, C. and {De Vicente}, J. and {Diehl}, H.~T. and {Doel}, P. and 
	{Drlica-Wagner}, A. and {Evrard}, A.~E. and {Flaugher}, B. and 
	{Fosalba}, P. and {Frieman}, J. and {Garc{\'{\i}}a-Bellido}, J. and 
	{Gaztanaga}, E. and {Gerdes}, D.~W. and {Giannantonio}, T. and 
	{Gruendl}, R.~A. and {Gutierrez}, G. and {Honscheid}, K. and 
	{James}, D.~J. and {Kirk}, D. and {Krause}, E. and {Kuehn}, K. and 
	{Lahav}, O. and {Li}, T.~S. and {Lima}, M. and {March}, M. and 
	{Marshall}, J.~L. and {Menanteau}, F. and {Miquel}, R. and {Mohr}, J.~J. and 
	{Nord}, B. and {Ogando}, R.~L.~C. and {Roodman}, A. and {Sanchez}, E. and 
	{Scarpine}, V. and {Schindler}, R. and {Sevilla-Noarbe}, I. and 
	{Smith}, M. and {Smith}, R.~C. and {Sobreira}, F. and {Suchyta}, E. and 
	{Swanson}, M.~E.~C. and {Tarle}, G. and {Tucker}, D.~L. and 
	{Vikram}, V. and {Walker}, A.~R. and {Weller}, J.},
    title = "{Dark Energy Survey Year 1 Results: Weak Lensing Mass Calibration of redMaPPer Galaxy Clusters}",
  journal = {ArXiv e-prints},
archivePrefix = "arXiv",
   eprint = {1805.00039},
 keywords = {Astrophysics - Cosmology and Nongalactic Astrophysics},
     year = 2018,
    month = apr,
   adsurl = {http://adsabs.harvard.edu/abs/2018arXiv180500039M},
  adsnote = {Provided by the SAO/NASA Astrophysics Data System}
}


@ARTICLE{2018arXiv180405873M,
   author = {{Miyatake}, H. and {Battaglia}, N. and {Hilton}, M. and {Medezinski}, E. and 
	{Nishizawa}, A.~J. and {More}, S. and {Aiola}, S. and {Bahcall}, N. and 
	{Bond}, J.~R. and {Calabrese}, E. and {Choi}, S.~K. and {Devlin}, M.~J. and 
	{Dunkley}, J. and {Dunner}, R. and {Fuzia}, B. and {Gallardo}, P. and 
	{Gralla}, M. and {Hasselfield}, M. and {Halpern}, M. and {Hikage}, C. and 
	{Hill}, J.~C. and {Hincks}, A.~D. and {Hlo{\v z}ek}, R. and 
	{Huffenberger}, K. and {Hughes}, J.~P. and {Koopman}, B. and 
	{Kosowsky}, A. and {Louis}, T. and {Madhavacheril}, M.~S. and 
	{McMahon}, J. and {Mandelbaum}, R. and {Marriage}, T.~A. and 
	{Maurin}, L. and {Miyazaki}, S. and {Moodley}, K. and {Murata}, R. and 
	{Naess}, S. and {Newburgh}, L. and {Niemack}, M.~D. and {Nishimichi}, T. and 
	{Okabe}, N. and {Oguri}, M. and {Osato}, K. and {Page}, L. and 
	{Partridge}, B. and {Robertson}, N. and {Sehgal}, N. and {Shirasaki}, M. and 
	{Sievers}, J. and {Sif{\'o}n}, C. and {Simon}, S. and {Sherwin}, B. and 
	{Spergel}, D.~N. and {Staggs}, S.~T. and {Stein}, G. and {Takada}, M. and 
	{Trac}, H. and {Umetsu}, K. and {van Engelen}, A. and {Wollack}, E.~J.
	},
    title = "{Weak-Lensing Mass Calibration of ACTPol Sunyaev-Zel'dovich Clusters with the Hyper Suprime-Cam Survey}",
  journal = {ArXiv e-prints},
archivePrefix = "arXiv",
   eprint = {1804.05873},
 keywords = {Astrophysics - Cosmology and Nongalactic Astrophysics},
     year = 2018,
    month = apr,
   adsurl = {http://adsabs.harvard.edu/abs/2018arXiv180405873M},
  adsnote = {Provided by the SAO/NASA Astrophysics Data System}
}

@ARTICLE{2019ApJS..240....5W,
       author = {{Wold}, Isak G.~B. and {Kawinwanichakij}, Lalitwadee and {Stevans},
        Matthew L. and {Finkelstein}, Steven L. and {Papovich}, Casey
        and {Devarakonda}, Yaswant and {Ciardullo}, Robin and
        {Feldmeier}, John and {Florez}, Jonathan and {Gawiser}, Eric and
        {Gronwall}, Caryl and {Jogee}, Shardha and {Marshall}, Jennifer
        L. and {Sherman}, Sydney and {Shipley}, Heath V. and
        {Somerville}, Rachel S. and {Valdes}, Francisco and {Zeimann},
        Gregory R.},
        title = "{The Spitzer-HETDEX Exploratory Large Area Survey. II. The Dark Energy Camera and Spitzer/IRAC Multiwavelength Catalog}",
      journal = {The Astrophysical Journal Supplement Series},
     keywords = {catalogs, cosmology: observations, galaxies: photometry, surveys, Astrophysics - Astrophysics of Galaxies},
         year = 2019,
        month = Jan,
       volume = {240},
          eid = {5},
        pages = {5},
          doi = {10.3847/1538-4365/aaee85},
archivePrefix = {arXiv},
       eprint = {1812.04646},
 primaryClass = {astro-ph.GA},
       adsurl = {https://ui.adsabs.harvard.edu/\#abs/2019ApJS..240....5W},
      adsnote = {Provided by the SAO/NASA Astrophysics Data System}
}

